3366 5266
691 383 908 444 ..33..

215 550 251 606 de
274 548 323 606 tin.
343 547 381 620 ΙΙ,
408 549 485 607 10οε
508 547 590 606 Nom
612 549 686 620 quod
709 549 751 605 ita
768 549 924 620 positum
947 551 1009 614 est,
1034 548 1108 620 quod
1130 547 1302 605 dissolutum
1320 547 1385 612 sit,

139 683 143 690 .
214 639 246 696 id
268 655 327 695 esso
349 639 411 696 siue
434 655 528 704 smsu,
555 639 586 695 id
605 637 743 696 eiusmodi
766 640 817 701 ost,
847 641 879 693 ut
905 653 964 694 uou
991 639 1064 694 sotis
1085 635 1176 708 plaue
1204 637 1294 701 dieat,
1318 635 1387 706 auid

214 728 253 784 sit
274 727 452 784 dissolutum.
498 725 534 783 ds
557 724 606 785 fin.
626 725 680 798 ΙΙΙ,
705 727 759 783 39:
782 724 852 782 Nou
874 727 916 782 itu
934 727 1064 792 dicimus,
1087 729 1121 782 ut
1142 741 1207 782 cum
1228 724 1287 790 illo,
1310 724 1386 794 quoa

209 816 372 888 positum
394 819 463 880 est,
487 816 578 872 solum
601 816 633 872 id
656 831 714 871 esse
737 815 856 879 malum,
880 815 955 884 quod
973 818 1055 887 turpe
1078 817 1140 879 sit,
1163 814 1233 872 loeo
1249 824 1387 884 pupuare

214 905 347 961 uideatur
369 906 469 962 oratio.
512 903 548 960 de
566 903 615 962 fin.
634 902 686 974 IV,
708 903 763 961 25:
791 901 848 959 Sed
865 905 1024 974 positum
1046 905 1094 960 sit
1109 905 1256 975 priumm,
1279 904 1389 958 uosmet

214 995 293 1064 ipsos
323 993 530 1050 eommeudatos
559 1009 616 1050 esse
644 993 727 1049 uobis
752 993 938 1063 primamque
970 985 1003 1048 eu
1037 989 1146 1051 matura
1177 992 1253 1048 tuuc
1284 989 1387 1047 trabere

216 1083 424 1154 appetitionem,
447 1085 480 1138 ut
502 1098 743 1154 eousproemus
765 1085 874 1138 uosmet
895 1082 981 1153 ipsos.
1018 1080 1055 1138 de
1074 1081 1121 1138 off.
1141 1079 1165 1151 Ι,
1186 1081 1265 1138 16οε
1290 1077 1388 1150 Quare
1498 1066 1504 1078 ’

215 1171 266 1227 lroc
289 1171 401 1242 quidem
425 1171 589 1242 effectum
610 1171 669 1236 sit,
693 1171 725 1226 iu
748 1170 854 1242 officiis
877 1169 1032 1241 dolipeudis
1059 1169 1091 1227 id
1111 1185 1202 1242 pemos
1224 1168 1388 1240 officiorum

216 1260 361 1325 excellere,
389 1260 464 1331 quod
496 1263 658 1316 teueotur
685 1259 832 1315 homiuum
846 1259 997 1316 societate.
1043 1257 1080 1314 de
1102 1257 1161 1332 leg.
1185 1256 1224 1331 ΙΙ,
1250 1258 1303 1314 15:
1333 1253 1389 1313 Sit

216 1350 305 1420 ipitur
328 1349 379 1405 troc
400 1351 462 1405 iam
485 1349 668 1420 uprtuupto
692 1363 910 1418 persuasum
933 1348 1054 1412 ciuibus,
1083 1347 1213 1404 domiuos
1241 1362 1301 1403 esse
1328 1361 1386 1400 om·
1484 1375 1494 1391 ·

215 1439 297 1494 utum
310 1454 409 1494 rerum
427 1453 462 1493 oo
479 1437 672 1494 moderatores
694 1437 760 1493 deos
779 1452 874 1507 eaque,
898 1453 972 1506 quae
991 1439 1180 1508 perautur,
1205 1449 1304 1492 eorum
1324 1435 1388 1505 peri

216 1527 322 1583 iudicio
350 1542 385 1582 oc
411 1527 536 1583 uumtue.
582 1524 666 1582 Idcm
693 1525 860 1599 perfectum
882 1541 1060 1596 persuasum
1089 1540 1148 1581 esse
1176 1522 1302 1596 perfecti
1325 1521 1387 1580 vim

214 1614 339 1672 retinuit
371 1615 408 1672 de
439 1633 501 1688 rep.
534 1613 562 1690 Ι,
597 1615 651 1671 28:
690 1611 746 1670 Oui
778 1629 994 1685 persuasum
1025 1615 1075 1670 sit
1106 1611 1252 1685 appellari
1284 1615 1388 1668 eeteros

215 1703 357 1768 homiues,
382 1721 441 1784 esse
468 1704 542 1760 solos
566 1720 621 1769 eos,
649 1704 699 1774 qui
727 1705 843 1760 essent
862 1702 949 1772 politi
966 1701 1317 1774 proprusuummuuu
1339 1717 1387 1757 or-

217 1793 301 1850 tibus.
351 1791 420 1849 Non
451 1809 525 1867 opus
559 1793 606 1849 est
637 1791 692 1848 hoc
725 1790 789 1849 loco
822 1789 910 1846 Bukii
943 1790 1125 1866 coniectura,
1162 1789 1215 1864 qui
1243 1791 1303 1846 siut
1333 1807 1386 1862 pro

216 1885 308 1938 esseut
330 1880 421 1938 scribi
443 1880 552 1953 voluit,
577 1879 628 1937 sed
652 1879 769 1938 Mosero
792 1878 1017 1953 assentiendum
1041 1881 1099 1954 est,
1123 1878 1229 1953 quiin
1254 1876 1387 1935 orations

216 1969 338 2043 obliqua
374 1972 444 2042 post
474 1969 671 2044 praeteritum
709 1967 918 2042 imperfectum
953 1967 1029 2024 nihil
1066 1966 1177 2025 hubenc
1215 1965 1387 2024 offensionis

216 2057 298 2115 dixit.
349 2057 420 2115 Alia
447 2057 627 2116 coniunctivi
654 2056 780 2132 perfecti
810 2056 942 2131 regentis
971 2055 1044 2114 haee
1072 2058 1142 2113 sunt
1171 2055 1314 2129 exemplu.
1351 2054 1388 2111 dc

215 2145 264 2204 fin.
292 2147 330 2216 ΙΙ,
358 2149 411 2206 10:
450 2146 525 2220 Quid
547 2147 651 2218 paullo
679 2150 759 2211 aute,
782 2147 883 2221 iuquit,
908 2146 1071 2210 diuerim,
1102 2161 1197 2202 uorme
1223 2145 1387 2209 memiuisli,

216 2251 281 2292 oum
308 2237 401 2293 amuis
423 2236 505 2293 dolor
532 2236 675 2292 detractus
698 2239 802 2300 esset,
825 2235 950 2292 uariari
976 2251 1035 2292 mou
1062 2235 1163 2306 nuperi
1193 2233 1388 2305 uoluptatem?

215 2323 341 2381 Miuime
362 2319 442 2388 uero.
465 2326 591 2395 iuquam.
600 2315 624 2402 ¹)
660 2342 688 2397 p.
713 2321 789 2381 Sosi.
815 2324 869 2380 60:
900 2339 951 2380 uec
978 2323 1023 2380 illi
1050 2323 1281 2380 committendum
1312 2321 1387 2378 illud

214 2415 366 2485 nepotium,
390 2413 440 2470 sed
461 2413 665 2484 impoueudum
682 2415 870 2483 putooeruut,
894 2413 943 2483 qui
965 2413 997 2468 iu
1016 2412 1144 2468 coutiouo
1160 2411 1267 2483 palam
1289 2411 1409 2478 diuo·

216 2503 305 2567 riut,
334 2503 464 2573 liupuam
491 2518 521 2559 se
549 2502 674 2559 evellisse
702 2501 746 2557 M.
776 2497 894 2566 (latomi,
923 2517 996 2572 quae
1025 2517 1135 2571 semper
1162 2502 1263 2556 oautra
1295 2502 1389 2556 eutro-

216 2591 385 2649 ordiuarias
402 2593 557 2662 potestates
580 2591 670 2648 libero
692 2591 833 2662 fuisset.
865 2607 893 2662 p.
918 2588 1019 2648 Plunc.
1043 2589 1098 2646 46:
1136 2605 1189 2644 aur
1216 2588 1336 2658 domique
1358 2603 1389 2643 se

216 2679 349 2736 dioiuore
371 2679 556 2744 malueris,
576 2696 662 2750 auam
677 2695 731 2744 cos,
754 2679 804 2749 qui
826 2679 973 2743 scireut,
996 2677 1134 2734 iudicare.
1173 2675 1209 2732 dc
1223 2678 1284 2732 nat.
1308 2675 1387 2734 deor.

216 2766 254 2839 ΙΙ,
279 2768 339 2826 80:
358 2767 503 2826 Postremo
526 2784 591 2824 cum
613 2769 685 2825 sutis
708 2768 932 2824 docuerimus
953 2766 1005 2823 tros
1027 2783 1087 2823 esse
1105 2766 1179 2830 deos,
1203 2782 1326 2836 quorum
1344 2766 1387 2820 iu-

216 2857 326 2928 sipuem
348 2859 406 2914 uim
433 2860 459 2914 u
486 2857 627 2914 illustrem
654 2857 759 2929 taciem
785 2855 995 2921 uideremus,
1029 2855 1123 2912 solem-
1143 2854 1206 2911 dieo
1234 2857 1260 2910 et
1288 2853 1389 2910 lunam

218 2948 243 3001 et
260 2963 351 3017 rapas
373 2946 471 3002 stellas
494 2949 520 3002 et
540 2946 703 3004 iuerrautes
726 2948 752 3001 et
774 2944 881 3003 eoelum
909 2947 935 3001 et
956 2944 1098 3000 muudum
1120 2944 1217 3015 ipsum
1240 2946 1266 2998 et
1288 2958 1389 2999 eorum

216 3051 314 3090 rerum
331 3035 495 3104 oimouoe
517 3035 673 3090 iuesseut
695 3035 727 3090 iu
750 3033 828 3090 ommi
850 3032 957 3090 muudo
976 3049 1040 3106 oum
1062 3048 1168 3104 mapuo
1190 3049 1248 3088 usu
1266 3034 1293 3088 et
1316 3047 1390 3087 com·

216 3123 350 3180 moditate
376 3124 489 3194 peueris
516 3122 652 3179 humaui:
684 3123 811 3193 efficitur
840 3122 939 3178 ommia
965 3123 1027 3193 rapi
1055 3121 1155 3178 dioiuo
1186 3123 1278 3177 moute
1305 3123 1389 3190 atoue

215 3212 378 3282 prudentia.
423 3201 610 3290 Pctersiusss)
634 3211 714 3268 huno
736 3210 834 3268 locum
853 3209 891 3266 ud
915 3227 1000 3266 suum
1019 3209 1232 3268 attractionem
1253 3209 1388 3282 rovocui3

217 3298 294 3372 quod
318 3299 439 3374 quidem
462 3299 565 3357 codem
588 3299 722 3374 respicit,
752 3297 891 3374 quoniam
915 3298 1155 3356 consecutionem
1181 3301 1211 3354 et
1235 3296 1388 3356 attractio-

215 3405 283 3444 nem
308 3388 419 3446 eisdem
443 3387 596 3463 principiis
615 3387 698 3446 nasci
722 3406 813 3462 supra
822 3378 849 3468 ³)
873 3387 1034 3445 docuimus.

305 3475 380 3545 Cum
408 3476 451 3534 sis
479 3476 673 3535 coniunctivis
703 3475 839 3550 perfecti,
873 3476 923 3550 qui
953 3493 1007 3550 pro
1034 3476 1134 3533 futuro
1167 3478 1269 3534 eructo
1299 3473 1402 3548 positi·

217 3567 300 3640 sunt,
328 3565 458 3640 itemquo
486 3583 551 3623 cum
579 3564 806 3640 potentialibns‚
836 3564 1024 3640 dubitamus,
1049 3564 1195 3622 similibus
1219 3563 1389 3638 proesentis

216 3653 264 3711 vel
296 3653 429 3727 perfectu
460 3653 688 3729 coniunguntur.
735 3651 818 3711 (lons.
846 3653 931 3710 Brut.
966 3654 1020 3711 25:
1052 3653 1117 3711 Hoc
1143 3669 1210 3710 uero
1239 3654 1301 3710 siue
1327 3649 1389 3709 ulla

216 3742 392 3800 dubitatione
419 3743 719 3815 coufirmaoerim,
751 3744 811 3800 stoc
837 3743 890 3800 illa
918 3746 980 3800 orte
1003 3739 1176 3814 pariatur
1204 3741 1304 3812 aliquo
1329 3741 1390 3798 siue

217 3833 414 3889 euerettatioue
427 3831 564 3903 quadam,
579 3849 640 3889 rem
652 3849 743 3889 uuam
758 3847 816 3888 osse
825 3833 953 3888 omuium
962 3831 1175 3903 difficillimam.
1191 3827 1320 3904 derint,
1332 3829 1387 3886 53:

216 3920 321 3991 Itaque
342 3937 378 3977 ue
400 3922 541 3978 iustitiam
563 3924 635 3978 reete
657 3922 722 3992 quis
744 3921 875 3978 diuerit
895 3937 952 3992 per
974 3937 1005 3978 se
1029 3921 1125 3992 ipsam
1151 3920 1316 3991 optabilem,
1339 3918 1389 3976 sed

290 4126 315 4192 1)
333 4122 394 4178 Nisi
417 4124 489 4177 forte
513 4141 575 4177 cum
595 4123 726 4179 Lievenio
744 4125 763 4179 1.
784 4142 806 4179 o.
826 4143 853 4194 p.
873 4130 906 4178 41
932 4123 1086 4178 oraticnem
1105 4119 1248 4190 obliquam
1268 4138 1285 4175 a
1302 4121 1388 4176 verbo

216 4197 363 4249 memiuistt
385 4194 505 4263 pendere
529 4198 618 4264 putus.
656 4195 733 4249 Conf.
758 4195 833 4250 Luci.
858 4201 886 4249 2:
917 4196 954 4247 M
959 4195 1062 4248 euriui
1085 4195 1158 4246 domi
1180 4195 1212 4246 iu
1234 4194 1388 4263 hemicyclio

216 4268 355 4332 sedeulem,
375 4271 406 4319 ut
423 4266 532 4330 solebat,
551 4283 611 4320 eum
629 4271 654 4320 et
672 4283 718 4334 epo
737 4283 837 4320 essem
856 4283 913 4319 uuo
931 4271 956 4318 et
967 4266 1054 4332 pauci
1068 4265 1214 4318 admodum
1226 4265 1388 4330 formidares,

206 4339 248 4390 ,ιιι
266 4355 325 4390 eum
344 4353 488 4391 sermonem
508 4338 586 4390 illum
600 4338 764 4402 iucidere,
783 4339 831 4406 qui
845 4343 901 4389 tum
915 4337 984 4402 torte
998 4336 1091 4389 multis
1105 4341 1164 4390 erat
1178 4337 1209 4389 iu
1223 4351 1275 4389 ore.
1310 4335 1388 4390 Conf.

215 4408 251 4460 ad
270 4410 334 4461 tum.
355 4409 414 4476 XV,
436 4415 475 4462 11.
497 4409 531 4462 de
550 4409 595 4464 fin.
616 4409 650 4475 ΙΙ,
670 4415 711 4462 55.
732 4409 766 4463 dc
785 4425 843 4477 rep.
862 4408 883 4474 I,
903 4414 944 4460 23.
964 4425 990 4474 p.
1010 4407 1068 4460 Mil.
1089 4413 1131 4461 37.
1236 4451 1240 4462 .

286 4480 351 4554 2)1.
371 4497 393 4533 c.
413 4498 439 4548 p.
460 4486 483 4533 o.

287 4554 314 4617 3)
334 4567 393 4618 cup.
413 4553 433 4605 Ι.
453 4557 475 4615 §-
495 4557 520 4605 t.

268 4649 387 4700 wanzuh,
402 4649 520 4688 Consecnt.
534 4653 658 4698 temporum
673 4649 829 4689 Ciceroniana.
1156 4640 1172 4686 3
