3366 5266
679 361 894 458 „21-

202 561 326 636 perfecti
350 579 439 636 quam
457 565 565 618 natura
583 560 746 635 praeteriti,
770 561 856 619 facile
879 561 1066 635 perspicitur,
1091 559 1142 634 qui
1162 561 1222 634 fiat,
1245 559 1275 617 id
1295 561 1374 638 quod

202 650 328 708 Rothius
352 650 371 708 1.
395 669 419 708 c.
434 671 461 725 p.
480 651 520 707 41
547 668 611 724 sqq.
630 650 853 724 demonstravit,
877 652 911 707 ut
930 649 1065 723 PlautuS,
1090 649 1114 706 si
1135 649 1173 721 id,
1197 649 1276 723 quod
1296 650 1373 723 cogi-

202 738 315 797 tatione
342 737 586 814 interrogationis
614 737 753 812 obliquae
780 739 916 813 fingitur,
945 738 976 795 in
1003 756 1143 812 praesens
1172 738 1220 795 vel
1238 738 1374 796 futurum

157 839 165 854 ·
202 831 320 902 tempus
344 826 435 896 cadit,
462 827 626 902 praesenti,
653 827 690 900 si,
714 827 793 902 quod
816 828 1034 901 interrogatur,
1064 826 1214 901 praesenti
1239 830 1372 901 tempore

128 911 129 916 ’
202 915 373 974 absolutum
398 919 455 988 est,
479 915 611 991 perfecto
636 918 747 974 utatur.
792 915 958 973 Adiunctae
982 918 1052 972 sunt
1075 914 1154 972 enirn
1177 915 1373 990 cogitationes

200 1005 261 1063 illis
293 1005 478 1079 temporibus
511 1021 668 1078 expressae
700 1023 759 1062 non
791 1004 901 1062 actioni
932 1003 1126 1078 praeteritae,
1164 1003 1215 1070 sed
1253 1004 1373 1062 eventui

201 1093 365 1168 praesenti,
394 1093 504 1168 quippe
532 1093 614 1150 cuius
642 1094 770 1151 maxime
793 1093 953 1167 praecipua
976 1092 1015 1150 sit
1037 1091 1222 1166 inperfecto
1246 1085 1384 1172 notio.¹)·

201 1181 335 1241 Posteris
350 1185 451 1240 autem
465 1181 658 1255 temporibus,
673 1199 739 1240 cum
754 1181 919 1265 praesentis
929 1184 1068 1238 naturam
1082 1181 1113 1238 in
1127 1181 1259 1255 perfecto
1274 1182 1373 1240 inesse

201 1289 327 1346 eamque
349 1265 537 1345 potissimum
560 1271 657 1328 inesse
682 1270 786 1328 sentiri
810 1289 828 1328 a
851 1269 966 1328 Latinis
990 1269 1148 1344 paullatim
1177 1269 1372 1347 desineretur,

201 1360 231 1417 in
255 1359 400 1418 eiusmodi
423 1359 585 1417 enuntiatis
604 1359 780 1434 imperfecta
802 1359 851 1417 vel
869 1358 1161 1433 plusquamperfecto
1179 1359 1250 1433 poni
1268 1361 1373 1433 coepta

201 1456 280 1506 sunt.
325 1448 371 1506 De
399 1448 480 1506 illius
498 1447 602 1528 ¹igitur
632 1465 703 1506 usus
731 1448 879 1522 reliquiis,
912 1465 1059 1523 quaenam
1092 1448 1171 1522 apud
1201 1445 1373 1506 Ciceronem
1465 1451 1471 1456 '

202 1539 334 1607 exstent,
357 1538 412 1595 hoc
435 1538 498 1595 loco
522 1537 648 1611 agimus.
954 1537 958 1543 “

290 1625 400 1694 Quodsi
433 1625 585 1684 invenitur
615 1624 700 1684 Verr.
724 1625 767 1698 II,
796 1628 829 1701 3,
860 1627 937 1684 106:
970 1626 1177 1684 Docucrunt
1208 1643 1271 1692 ees,
1306 1626 1376 1698 quid

201 1716 296 1773 lucelli
321 1716 447 1787 feccrit
468 1713 550 1772 tremo
577 1733 635 1772 non
658 1715 768 1780 mulus,
797 1711 981 1788 Ciceronem,
1010 1733 1077 1772 curn
1103 1714 1246 1772 scriberet
1268 1716 1375 1788 feeerit,

202 1803 353 1861 inanimo
381 1803 520 1861 habuisse
548 1807 620 1878 puto
650 1821 748 1860 eorum
776 1805 952 1862 institutione
979 1804 1052 1862 docti
1074 1805 1161 1861 scitis.
1208 1823 1235 1877 p.
1259 1801 1375 1872 Quinct.
1449 1835 1450 1838 η

201 1894 257 1950 86:
284 1889 427 1951 Ostendi
449 1909 536 1964 quom
558 1893 650 1950 multu
673 1895 739 1950 ente
761 1894 827 1963 fieri
850 1894 1068 1960 conuenerit·
1100 1891 1304 1966 explicandum
1329 1896 1375 1950 est

199 1980 244 2039 ita
266 1980 343 2040 fere:
369 1983 498 2039 oratione
521 1999 586 2039 mea
608 1983 754 2053 ecpnostis.
792 1981 830 2038 ad
856 1981 914 2037 fam
937 1980 973 2056 X,
994 1983 1044 2055 31,
1070 1983 1102 2038 d:
1125 1981 1210 2038 Illud
1231 1981 1375 2038 uehemen-

200 2073 243 2126 ter
265 2071 403 2136 admiror,
427 2087 485 2127 non
507 2072 700 2143 scripsisse
722 2073 748 2126 te
769 2069 848 2136 uuiti,
871 2071 1012 2127 monendo
1036 2072 1067 2128 in
1084 2071 1240 2142 procinctu
1258 2087 1299 2127 cn
1321 2071 1373 2127 du-

201 2159 286 2216 cendo
317 2161 469 2216 exereitum
496 2160 528 2215 in
555 2160 678 2217 Itulinm
705 2159 879 2231 reipublicae
912 2161 1006 2231 mcpis
1033 2160 1105 2217 sutis
1119 2175 1201 2216 acere
1230 2160 1374 2230 possim.

199 2245 264 2306 Hoc
286 2246 350 2305 loco
374 2245 526 2305 Pollio-
542 2229 612 2304 naim
634 2247 724 2321 illius,
748 2265 807 2305 non
831 2245 981 2306 Ciceronis
1005 2252 1051 2305 est
1075 2246 1202 2321 epistola
1217 2277 1258 2285 —-
1274 2247 1372 2304 minus

199 2339 336 2394 accurate
360 2335 480 2410 scripsit
503 2355 557 2410 pro
585 2335 631 2394 his
659 2335 772 2395 verbis:
804 2353 837 2394 ce
859 2336 950 2394 literis
973 2338 1029 2394 tuis
1052 2353 1097 2393 mc
1119 2353 1177 2393 non
1200 2352 1373 2408 ecpncseere.

199 2425 237 2482 ad
259 2424 329 2482 fam.
353 2424 421 2498 VII,
446 2427 475 2497 8,
497 2429 529 2483 1:
558 2423 615 2483 Sed
643 2443 676 2482 cu
698 2427 758 2498 tuis
779 2425 869 2482 literis
894 2427 1011 2497 copnoci
1027 2441 1261 2497 praeproperum
1282 2442 1394 2497 quon,

199 2513 268 2570 dam
290 2515 500 2584 festinationem
523 2518 604 2572 tuom
631 2518 656 2572 ct
678 2513 765 2572 simut
794 2531 868 2572 sum
891 2513 1104 2578 admiratus,
1132 2530 1185 2570 cur
1207 2515 1372 2572 tribunatus

198 2601 346 2660 cornmcdc
368 2602 479 2674 dempto
496 2605 671 2675 pracsertim
699 2603 795 2661 tubere
821 2603 941 2660 militiae
969 2601 1229 2674 contempseris.
1271 2601 1372 2660 Admi-

198 2691 275 2748 ratio
301 2689 331 2747 in
359 2708 499 2763 praesens
526 2694 644 2765 tempus
672 2691 761 2750 ducta
789 2693 842 2749 est.
888 2690 974 2750 Verr.
996 2690 1040 2766 Il,
1066 2693 1100 2766 5,
1127 2691 1203 2749 175:
1237 2689 1373 2750 Omnium

198 2796 275 2836 nume
301 2781 376 2836 omli
403 2782 552 2838 coniecti
579 2783 660 2838 sunt
686 2781 737 2838 troc
763 2781 825 2853 ipsc
853 2784 989 2852 tempore·
1004 2782 1037 2838 in
1063 2797 1292 2852 unumquemque
1322 2799 1372 2838 no-

197 2871 304 2933 strum,
332 2887 390 2940 pern
412 2869 470 2939 ride
493 2886 541 2941 epo
565 2886 737 2934 accusem,
768 2887 826 2941 quc
853 2869 988 2941 redipione
1015 2869 1236 2934 diiudicent,
1260 2887 1318 2940 pun
1341 2874 1372 2927 tu

197 2959 309 3014 ratione
332 2957 512 3030 defendes.
558 2957 656 3015 Minus
685 2961 855 3016 accuratam
883 2957 938 3015 hoc
965 2957 1029 3015 loco
1059 2957 1224 3015 orationem
1248 2975 1313 3016 esse
1336 2976 1372 3015 ex

198 3063 234 3102 ea
257 3045 323 3119 ipsa
345 3061 377 3103 re
407 3046 545 3120 apparet,
575 3045 654 3120 quod
682 3064 749 3103 cum
776 3045 875 3105 uerbis
905 3047 979 3104 ocuti
1006 3047 1123 3104 coniecti
1150 3050 1218 3104 sunt
1248 3045 1373 3103 interro-

197 3133 278 3208 gatio
302 3133 423 3208 obliqua
449 3135 605 3192 coniuncta
628 3138 689 3210 est,
713 3134 880 3192 accuratius
904 3134 997 3209 igitur
1019 3134 1140 3192 fuisset:
1164 3151 1260 3192 omncs
1282 3135 1372 3192 oculis

198 3224 329 3281 coniectis
343 3224 537 3295 speculentur.
573 3223 650 3282 Phil.
665 3221 719 3296 IIl,
736 3224 790 3303 3⁶?
817 3221 920 3281 Omnes
929 3225 1191 3296 patefecerunt,
1211 3225 1242 3280 in
1261 3213 1372 3280 mrum-

197 3327 251 3388 que
273 3314 389 3384 portem
417 3313 486 3384 quid
512 3315 682 3378 sentiant,
711 3313 780 3384 quid
804 3313 922 3380 uelint.
969 3311 1068 3370 Facile
1096 3310 1287 3384 intellegitur
1315 3311 1371 3368 hoc

196 3400 261 3457 loco
284 3418 342 3458 non
366 3399 416 3475 agi
439 3399 476 3458 de
500 3399 679 3476 cogitatione
702 3400 959 3474 patefaciendum,
987 3400 1039 3458 sed
1063 3417 1177 3473 eorum,
1207 3399 1273 3476 qui,
1299 3417 1371 3474 qno-

196 3488 277 3545 niam
298 3488 344 3545 illi
372 3489 587 3563 patefecerant,
615 3488 761 3562 sciebant,
791 3488 1000 3563 cogitationem
1025 3486 1159 3546 Ciceroni
1181 3487 1369 3546 indicandam

196 3576 301 3650 fuisse,
325 3576 404 3651 quod
422 3577 543 3652 quidem
562 3577 604 3636 eis
622 3578 778 3653 probatur,
800 3595 876 3652 quae
895 3577 1089 3635 antecedunt:
1112 3594 1190 3634 nnnc
1207 3578 1268 3635 inm
1286 3594 1370 3649 oper·

197 3669 257 3722 tum
280 3658 362 3744 est.²)
409 3685 441 3740 p..
462 3665 577 3735 Quinct.
603 3669 643 3726 88
675 3666 817 3740 scriptum
848 3660 997 3725 videmus:
1024 3666 1146 3724 Deinde·
1165 3665 1239 3724 illud
1261 3683 1370 3738 quoque

268 3875 294 3938 1)
314 3868 415 3924 Confer
431 3870 521 3926 Plaut.
541 3870 599 3926 Mil.
619 3871 688 3939 glor.
710 3875 791 3925 1097:

648 3960 721 4012 Dixi
739 3959 860 4027 equidem
879 3959 943 4024 tibi,

569 4031 628 4100 Quo
642 4036 726 4099 paeto
744 4031 775 4084 id
792 4031 853 4096 fieri
866 4031 962 4098 possit.

196 4101 296 4155 Bacch.
317 4105 381 4155 575:

442 4171 527 4224 Nunc
540 4188 580 4224 mc
598 4173 638 4226 ire
655 4174 737 4226 iussit
755 4172 792 4226 ad
809 4189 869 4226 eum
887 4176 912 4225 et
926 4173 1124 4240 percontarier,

448 4242 545 4296 Utrum
563 4260 663 4297 curum
681 4245 784 4298 reddet.

148 4312 166 4346 ⁰
195 4329 342 4384 Terentius
361 4332 390 4384 et
407 4347 496 4399 praes.
512 4330 557 4383 vel
570 4331 638 4399 perf.
655 4332 684 4384 et
700 4331 767 4400 imp.
788 4331 833 4385 vel
848 4331 942 4399 plusq.
961 4330 1049 4385 utitur
1063 4330 1092 4384 in
1106 4332 1267 4388 huiusmodi
1281 4351 1366 4388 enun-

194 4400 280 4456 tiatis.
318 4400 403 4454 Plura
421 4401 484 4455 vide
503 4402 578 4470 apud
597 4401 731 4456 Rothium
749 4401 767 4456 l.
788 4419 809 4457 c.

266 4474 292 4538 2)
311 4471 416 4525 Eadem
435 4472 543 4526 ratione
557 4472 751 4542 explicandum
771 4475 813 4526 est
826 4472 886 4526 Liv.
898 4473 961 4540 Vll,
980 4480 1028 4529 33:
1043 4491 1143 4544 pupna
1161 4476 1265 4529 indicio
1283 4477 1366 4543 fuit,

194 4558 261 4613 quos
277 4543 448 4612 perscrint
466 4544 579 4598 animos.
615 4543 668 4598 list
685 4543 759 4598 enim
778 4543 912 4614 cogitatio
930 4562 986 4601 non
1005 4562 1109 4614 eorum,
1128 4547 1176 4615 qui
1194 4545 1237 4600 illi
1255 4563 1366 4616 pugnae
