3366 5266
791 393 1005 456 ..20-

311 577 378 617 eum
407 560 507 617 autem
533 557 627 616 istum
652 560 749 617 toturn
779 576 838 615 non
870 559 1020 632 integrum
1049 558 1194 618 traditum
1226 577 1291 618 esse
1325 578 1361 617 ex
1394 559 1480 618 libris

311 647 507 722 cognoscitur.
557 647 691 706 Klotzius
724 647 855 722 quidem,
883 650 1042 722 postquam
1070 649 1174 720 verba,
1207 667 1282 723 quae
1311 651 1485 724 sequuntur,

311 736 344 794 in
367 735 516 794 codicibus
536 740 675 811 corrupta
693 736 855 813 recensuit,
879 735 969 793 etism
992 737 1130 794 altiorem
1147 737 1243 796 latere
1265 737 1485 811 corruptionem

312 843 401 900 posse
424 824 546 884 fatetur.
593 825 734 900 Sequitur
760 844 814 899 pro
843 823 958 894 Quinct.
987 825 1042 882 57:
1073 826 1231 884 Discedens
1257 828 1289 884 in
1316 828 1485 884 manniam

310 915 421 972 rediit
452 913 614 988 Quinctius,
643 932 697 986 quo
729 915 775 972 dic
807 914 903 972 Roma
933 915 965 970 in
993 912 1124 971 Galiiarn
1147 916 1296 987 profectus
1328 917 1381 973 sit.
1433 912 1485 972 Ad

311 1002 516 1075 ephemeridem
538 1005 699 1061 reuertitur.
745 1001 810 1061 Hoc
832 1002 895 1060 loco
918 1003 1045 1060 maxime
1068 1002 1238 1061 mirandum
1261 1007 1320 1076 est,
1345 1004 1396 1078 qui
1418 1001 1484 1060 fieri

310 1091 458 1165 potuerit,
486 1095 521 1149 ut
543 1091 592 1150 vel
615 1091 755 1149 historico
773 1090 905 1166 perfecto
928 1091 1095 1166 perlectum
1118 1091 1340 1168 adiungeretur.
1385 1089 1483 1159 Quare

309 1180 415 1254 utiquc
447 1180 637 1238 scribendum
670 1179 806 1238 existimo
842 1181 929 1246 redit,
968 1199 1058 1253 quam
1095 1180 1295 1238 coniecturam
1333 1181 1484 1255 praesenti

309 1268 464 1341 historico,
494 1267 573 1343 quod
602 1268 749 1343 sequitur,
776 1271 928 1327 reuertitur
955 1269 1076 1343 probari
1103 1271 1236 1344 apparet.
1244 1259 1268 1349 ¹)
1316 1268 1384 1334 ,Iam
1412 1288 1481 1328 vero

310 1357 347 1414 dc
370 1376 412 1417 or.
436 1357 482 1432 II,
508 1360 571 1416 174
594 1357 673 1432 apud
696 1357 862 1416 Pideritum
886 1357 928 1416 sic
952 1357 1095 1432 scriptum
1118 1357 1266 1416 videmus:
1294 1360 1336 1416 sie
1358 1359 1413 1416 iras
1435 1375 1484 1431 epo

310 1450 545 1519 arpurnentornrn
576 1450 660 1504 notas
691 1449 838 1526 quaerenti
865 1447 1072 1513 demonstrari,
1101 1449 1152 1506 nbi
1178 1449 1243 1505 sint.
1293 1445 1356 1504 Nec
1385 1446 1482 1504 minus

308 1533 370 1610 legi
392 1539 512 1593 nostrae
535 1538 692 1610 repugnat,
716 1535 795 1609 quod
818 1534 986 1592 Ellendtius
1010 1535 1141 1610 scripsit:
1170 1538 1211 1594 sic
1237 1536 1291 1593 iras
1319 1553 1367 1608 epo
1396 1553 1483 1608 arqu-

308 1627 468 1681 mentorum
499 1625 578 1682 nolui
608 1628 693 1682 nolus
719 1626 866 1696 quaerenti
893 1625 1100 1690 demonstrare,
1133 1626 1184 1682 ubi
1212 1627 1278 1684 sint.
1329 1623 1482 1699 Kayserus

309 1715 423 1783 autem,
452 1731 517 1770 cum
546 1712 601 1771 hoc
630 1711 767 1784 sentiret,
795 1711 888 1772 verba
910 1714 960 1771 ubi
982 1713 1041 1771 sint
1063 1712 1146 1771 uncis
1168 1712 1322 1771 includens
1347 1713 1389 1772 sic
1413 1713 1482 1771 scri-

308 1800 366 1860 bit:
397 1803 439 1859 sic
460 1802 515 1860 ltus
538 1819 586 1874 eqo
614 1805 847 1874 arpurnentorurn
870 1799 890 1877 t
916 1803 982 1859 noui
1004 1805 1088 1860 notas
1117 1804 1265 1874 quaerenti
1288 1803 1482 1860 demonstravi

310 1886 373 1964 [ubi
395 1885 475 1964 sint}
525 1889 617 1948 Vides
645 1891 736 1948 verba
759 1891 855 1948 valdev
869 1893 1009 1964 corrupta
1028 1908 1101 1948 esse.
1148 1889 1259 1958 Quodsi
1282 1890 1397 1949 codices
1421 1891 1482 1948 adi-

308 1996 388 2049 mus,
419 1980 450 2036 et
478 1977 509 2035 in
540 1977 717 2037 Abriucensi
741 1981 770 2037 et
792 1978 824 2035 in
847 1979 1059 2054 ErlangensiI
1082 1979 1261 2038 invenimus:
1292 1982 1333 2038 sie
1355 1980 1409 2038 iras
1432 1997 1481 2052 epo
1560 1984 1563 1989 '

309 2071 546 2140 uranncntorurn
568 2069 635 2125 novi
657 2071 741 2126 notas
764 2070 911 2139 quaerenti
934 2069 1137 2133 demonstrant,
1160 2069 1211 2126 ubi
1233 2070 1298 2126 sint.
1345 2067 1481 2143 Apparet

308 2156 439 2230 primurn
462 2157 530 2214 noui
553 2159 725 2230 corruptum
745 2173 825 2227 esse,
848 2156 950 2230 itaque
974 2156 1064 2214 ceteri
1087 2156 1201 2216 codices
1224 2156 1255 2212 id
1278 2159 1480 2232 mutaverunt,

309 2264 375 2304 cunr
402 2245 513 2319 partim
538 2247 601 2302 eru-i
629 2245 739 2319 partim
762 2245 840 2303 uolvai
864 2244 1049 2317 exhiberent,
1077 2243 1187 2319 partim
1215 2244 1400 2319 omitterent,
1428 2246 1480 2304 sed

307 2333 396 2410 illud,
414 2320 491 2390 ‘cum
515 2333 643 2407 speciem
666 2333 862 2408 corruptionis
886 2352 958 2407 prae
981 2352 1013 2392 se
1036 2333 1127 2405 ferat,
1151 2353 1222 2392 vero
1245 2333 1378 2408 proxime
1401 2353 1480 2392 acce-

308 2423 378 2480 dere
404 2422 597 2480 manifestum
625 2427 679 2480 est.
731 2421 808 2479 Tum
836 2424 1032 2482 demonstrant
1063 2422 1135 2480 ferri
1162 2441 1221 2480 non
1252 2440 1341 2496 posse
1369 2423 1398 2480 in
1427 2422 1480 2479 illa

307 2510 524 2583 coniunctione,
554 2511 604 2569 sed
633 2512 671 2569 ob
699 2509 728 2568 id
756 2510 856 2585 ipsum
883 2511 983 2570 verius
1012 2529 1088 2583 esse,
1118 2529 1207 2586 quam
1235 2511 1313 2585 quod
1342 2512 1393 2569 alii
1416 2514 1480 2569 tam

307 2599 421 2657 codices
450 2617 539 2674 quarn
570 2599 699 2658 editores
729 2600 870 2658 exhibent
896 2600 1090 2659 demonstravi
1116 2601 1165 2658 vel
1193 2599 1389 2658 demonstrare
1417 2599 1479 2658 sive

307 2688 500 2746 demonstrari
528 2687 632 2762 (colui)
660 2689 752 2763 patet.
803 2688 904 2764 Atque
931 2689 986 2747 hoc
1016 2689 1136 2764 quidem
1164 2688 1275 2762 optime
1305 2689 1480 2748 emendatur

308 2795 343 2834 ea
376 2777 515 2852 lectione,
552 2795 642 2852 quarn
677 2776 709 2834 in
738 2776 915 2852 Erlangensi
945 2777 976 2834 ΙΙ
1009 2777 1187 2852 reperimus:
1225 2795 1298 2850 quac
1333 2780 1480 2850 quaerent

307 2867 518 2936 demonstrant·
555 2884 623 2924 uam
656 2883 742 2938 quae
774 2871 844 2924 ante
876 2869 1041 2939 quaerenti
1072 2866 1212 2924 facillime
1241 2866 1339 2924 omitti
1372 2867 1478 2942 potuit.

306 2954 387 3012 Illud
420 2958 520 3012 autern
552 2957 620 3012 noui
651 2954 804 3030 aptissime
838 2955 870 3013 in
896 2957 994 3013 notaui
1026 2955 1137 3013 mutari
1163 2955 1222 3012 iam
1252 2955 1303 3012 alii
1330 2955 1478 3014 viderunt.

308 3042 500 3102 Scribeudum
528 3043 622 3117 igitur
648 3043 692 3101 ita
720 3044 868 3102 existimo:
896 3047 938 3102 sic
967 3045 1020 3102 iras
1050 3062 1098 3118 eqo
1126 3049 1359 3116 arqunrcntorune
1381 3046 1479 3103 notaui

306 3136 403 3198 nolus,
432 3149 505 3204 quac
528 3123 582 3210 (sc.
605 3123 707 3212 uotae)
732 3135 879 3206 quaerenti
906 3134 1113 3200 demonstrant,
1143 3134 1193 3190 ubi
1220 3135 1278 3191 sint
1307 3123 1360 3213 (sc.
1388 3151 1478 3207 argu-

306 3211 432 3300 menta).
839 3283 840 3286 Ἴ

397 3307 511 3368 Ceteris
530 3312 630 3368 autem
648 3309 728 3383 locis,
753 3311 803 3385 qui
827 3303 1063 3386 adversar-i'legi
1085 3314 1204 3370 nostrae
1227 3310 1322 3369 videri
1344 3311 1478 3385 possunt,

307 3400 521 3473 praegnantem
545 3398 676 3473 aliquam
698 3400 754 3475 vel,
779 3400 804 3458 si
827 3400 929 3472 mavis,
953 3419 1011 3459 non
1035 3404 1203 3459 accuratam
1227 3399 1479 3466 constructionem
1583 3443 1586 3450 .

307 3504 371 3544 esse
399 3489 482 3562 pute.
527 3486 618 3562 Nam,
647 3490 681 3545 ut
703 3487 862 3547 Lievenius
891 3480 1070 3567 ostendit²);
1094 3489 1273 3563 perfeetum,
1297 3507 1363 3546 curn
1388 3490 1417 3546 et
1440 3488 1476 3544 ad

306 3576 502 3652 praeteritum
526 3579 556 3634 et
579 3577 617 3634 ad
639 3594 779 3651 praesens
798 3581 915 3650 ternpus
940 3579 1061 3651 spectet,
1086 3596 1203 3651 semper
1225 3577 1357 3652 aliquam
1384 3577 1477 3634 notio·

306 3683 374 3720 nem
401 3663 545 3736 continet,
581 3683 657 3740 quae
685 3665 761 3724 alius
790 3665 874 3724 verbi
906 3665 1056 3739 praesenti
1088 3666 1212 3741 exprimi
1243 3665 1346 3740 possit.
1396 3665 1478 3722 Haec

307 3756 407 3811 autem
436 3753 603 3829 praesentis
632 3757 750 3827 natura,
781 3753 920 3829 quoniam
944 3754 1095 3829 antiquior
1118 3757 1164 3812 est
1187 3758 1217 3813 et
1239 3754 1336 3829 magis
1359 3754 1479 3828 propria

379 3975 405 4042 1)
425 3973 501 4030 Coul.
525 3975 643 4029 Reusch.
664 3975 681 4030 l.
701 3991 724 4029 e.
743 3993 769 4044 p.
792 3981 832 4030 10.
856 3977 914 4030 not.
958 3974 1019 4040 Qua
1041 3975 1149 4029 ratione
1174 3974 1246 4029 illud
1269 3977 1420 4041 discedens,
1447 3978 1479 4030 ut

306 4045 368 4099 vult
387 4045 591 4100 Schweilrertus
605 4045 776 4113 (Zeitschrift
794 4047 811 4100 f.
833 4048 859 4100 d.
874 4046 1095 4115 Gymn.·Wesen.
1126 4053 1203 4100 1876.
1227 4065 1254 4116 p.
1270 4053 1295 4103 4.
1315 4049 1393 4116 not),
1413 4048 1477 4101 huic

306 4115 480 4171 coniecturae
498 4120 643 4186 repugnet,
662 4134 718 4171 non
736 4117 879 4187 intellego.

377 4191 404 4256 2)
420 4187 437 4240 l.
454 4205 476 4242 c.
491 4205 517 4256 p.
533 4194 563 4241 15
578 4205 638 4257 sqq.
656 4188 732 4244 Conl.
750 4206 834 4258 supra
848 4206 911 4258 pag.
928 4195 970 4242 14.
981 4191 1038 4244 nol.
1058 4195 1082 4243 3.
1098 4187 1276 4243 Manifestum
1291 4192 1335 4244 est
1347 4189 1421 4244 hauc
1435 4207 1477 4244 ra-

304 4258 411 4312 tionem
434 4258 605 4340 simillimam
628 4276 688 4314 esse
705 4259 750 4341 nei,
774 4261 809 4314 de
833 4277 888 4329 qua
912 4259 1153 4342 supradiximus,
1180 4276 1236 4328 qua
1258 4263 1322 4329 post
1345 4260 1477 4329 perfecta,

306 4346 379 4454 ur
392 4331 1477 4470 ttttttrt”tittttttttttlttlttttcttttutt

306 4487 361 4524 non
380 4470 454 4525 idern
475 4473 571 4525 manet
588 4471 757 4539 subiectum,
780 4445 831 4526 arii
853 4490 903 4541 per
925 4445 1069 4528 adiectam¹
1089 4472 1212 4540 aliquam
1242 4473 1422 4542 particulam,
1446 4443 1478 4526 ui

306 4543 408 4606 urilrue,
428 4541 591 4610 simpliciter
610 4559 741 4611 praesens
762 4543 930 4598 substituere
948 4560 1004 4596 non
1023 4543 1098 4597 licet.
