3366 5266
695 412 913 476 ..15-

304 577 452 654 Equidem
470 580 589 636 tantum
607 578 700 651 abest,
723 587 758 637 ut
781 579 946 654 perfeetum
968 578 1012 637 ita
1030 583 1230 656 praegnanter
1249 583 1388 657 usurpari

215 686 312 742 posse,
335 671 370 725 ut
392 685 534 742 praesens
558 667 679 742 aliquod
700 667 905 739 subaudiatur,
928 685 1045 743 negem,
1068 672 1103 728 ut
1125 670 1189 744 ipse
1207 670 1275 746 ista,
1299 689 1388 747 quam

216 756 267 814 ille
291 757 428 816 omnibus
451 757 532 823 locis,
556 757 725 831 ubicunque
743 775 886 831 praesens
909 757 958 814 vel
976 757 1142 831 perfectum
1166 776 1233 816 oum
1255 760 1387 836 perfecto
1432 823 1436 832 ,

216 845 416 921 coniungitur,
439 845 550 904 factam
573 863 639 904 esse
656 845 777 919 iudicat,
801 846 1019 905 construetione
1042 847 1221 922 praegnanti
1244 849 1389 906 sumenda

216 935 373 993 nonnullos
397 935 505 994 saltem
527 933 607 992 locos
630 933 870 1008 interpretandos
889 952 955 992 esse
975 934 1149 993 existimem.
1157 928 1181 1013 ¹)
1228 935 1389 995 Sedtamen

216 1022 338 1081 minime
356 1022 498 1082 Lievenio
517 1022 672 1081 assentior.
718 1022 796 1079 Nam
820 1024 899 1098 quod
917 1023 1089 1098 Zumptium
1112 1024 1312 1098 reprehendit,
1336 1026 1389 1100 qui

216 1111 421 1172 huiuscemodi
454 1111 610 1170 enuntiate
642 1105 705 1171 ‘dia
737 1113 902 1170 debitori
933 1130 1004 1169 raam
1036 1113 1138 1171 melias
1169 1115 1230 1171 eit'
1264 1113 1387 1173 auribus

215 1199 392 1258 Latinorum
409 1199 482 1259 ferri
499 1219 588 1275 posse
606 1199 771 1276 negaverit,
794 1217 908 1272 vereor,
930 1219 968 1259 ne
991 1201 1119 1259 maximo
1143 1220 1243 1261 errore
1261 1202 1388 1261 ducatur

215 1288 426 1364 licentiamque
455 1288 599 1348 sermonis
634 1287 736 1348 Latini
765 1289 796 1346 in
828 1290 883 1347 hac
915 1307 948 1347 re
980 1307 1075 1363 aequo
1107 1288 1251 1349 maiorem
1283 1290 1386 1366 fingat.

215 1375 278 1434 lam
312 1396 379 1436 oum
413 1378 445 1444 in
481 1376 663 1452 Seyffertum
695 1377 863 1451 invehitur,
897 1377 949 1452 qui
983 1396 1124 1452 praesens
1157 1381 1188 1437 et
1220 1379 1388 1454 perfectum

214 1467 279 1523 tum
302 1466 458 1542 ursurpari
486 1465 605 1539 dixerit,
634 1466 659 1524 si
682 1465 849 1541 perfeetum
871 1465 1003 1541 logicum
1029 1467 1181 1542 praesenti
1211 1468 1387 1527 commutari

215 1558 329 1628 posset,
358 1574 416 1614 non
439 1554 522 1613 videt
544 1554 602 1613 duo
629 1573 741 1630 genera
764 1573 830 1613 esse
853 1555 998 1628 locorum,
1027 1555 1134 1630 quibus
1162 1556 1333 1630 praesentia
1357 1560 1387 1615 et

214 1643 348 1716 perfecta
369 1643 510 1718 perfectis
534 1643 705 1719 iungentur,
730 1663 856 1718 quorum
878 1642 910 1701 in
933 1645 1061 1702 alterum
1084 1646 1203 1702 tantum
1222 1643 1387 1720 Seyffertus

214 1749 299 1790 suam
322 1733 392 1791 vult
411 1731 516 1790 eadere
539 1733 685 1807 regulam,
708 1732 837 1790 alterum
856 1733 913 1791 etsi
936 1717 1164 1808 neguciante
1187 1733 1249 1801 illo,
1274 1736 1306 1791 at
1328 1753 1386 1792 non

214 1818 386 1894 ignoratum
405 1839 470 1879 esse
489 1819 693 1879 Andresenius
713 1812 855 1898 monet.²)
891 1821 971 1880 Illud
991 1823 1092 1879 eutem
1110 1824 1191 1879 recte
1206 1820 1387 1897 Seyffertum

215 1908 409 1983 explicavisse
436 1909 645 1985 immeritoque
674 1928 692 1967 a
718 1909 859 1968 Lievenio
882 1909 1096 1984 reprehensum
1126 1928 1191 1968 esse
1218 1910 1299 1968 idem
1327 1910 1387 1967 An-

215 1996 370 2057 dreseuius
399 1989 570 2077 ostendit.⁸)
616 1997 679 2056 Neo
702 2016 772 2057 vero
796 1997 861 2055 fieri
883 2001 997 2072 potest,
1026 1998 1062 2055 ut
1088 1999 1225 2074 regulam
1252 1999 1387 2058 Lieveni-

214 2103 301 2144 anam
321 2088 360 2145 ad
377 2086 619 2162 interpretandos
645 2104 747 2145 omnes
766 2085 935 2145 huiusmodi
955 2088 1035 2145 locos
1058 2087 1262 2146 adhibeamus.
1308 2087 1388 2144 Nam

214 2174 241 2232 si
259 2175 403 2251 seriptum
426 2175 562 2234 videmus
587 2175 625 2233 ad
646 2175 717 2234 fem.
763 2174 843 2248 XVI,
869 2179 899 2232 1:
925 2174 1001 2248 Quid
1019 2179 1114 2234 aetem
1128 2193 1234 2235 caueae
1256 2177 1385 2250 faerit,

207 2267 350 2336 postridie
377 2266 555 2332 ietetteai,
589 2283 677 2336 qaam
706 2284 725 2323 a
752 2265 832 2322 cobis
861 2265 990 2330 discessi,
1028 2263 1144 2321 nullum
1175 2267 1276 2339 potest
1304 2263 1386 2323 aliud

214 2352 367 2411 subaudiri
397 2371 540 2428 praesens
573 2372 662 2428 quam
694 2355 780 2412 scie.
827 2352 869 2409 At
900 2350 1070 2411 Ciceronem
1098 2352 1128 2409 id
1160 2353 1259 2428 ipsum
1287 2353 1385 2413 dicere

212 2441 299 2516 velle,
322 2443 405 2500 illam
425 2460 511 2501 suam
530 2441 742 2517 cogitationem
766 2460 808 2516 eo,
832 2459 890 2516 quo
914 2440 996 2514 dixit
1020 2443 1153 2515 tempore
1175 2441 1286 2500 foetam
1311 2460 1384 2517 esse,

211 2548 271 2588 non
292 2530 446 2605 praesenti
468 2531 546 2606 fieri,
574 2549 661 2589 nemo
685 2550 744 2589 non
766 2528 856 2587 videt.
903 2523 1002 2598 Quid?
1031 2530 1109 2604 quod
1137 2530 1288 2589 nonnullis
1311 2529 1384 2589 loeis

213 2619 304 2677 etiam
338 2638 406 2678 curn
437 2619 612 2695 imperfecto
644 2637 786 2695 praesens
818 2618 867 2677 vel
900 2618 1068 2692 perfectum
1102 2618 1292 2678 coniunctum
1320 2617 1383 2677 est?

213 2704 296 2766 Conf.
319 2729 348 2784 p.
371 2708 457 2768 Balb.
484 2711 516 2767 2:
542 2707 622 2783 Quae
649 2709 761 2781 faerit
787 2707 915 2765 desterno
945 2708 990 2766 die
1020 2705 1072 2765 Oa.
1095 2708 1227 2781 Pompeii
1250 2710 1384 2782 pravitas

211 2798 243 2854 in
266 2799 396 2864 diemde,
425 2799 547 2864 iudices,
575 2815 648 2870 quoe
670 2797 809 2870 saraitae,
837 2813 911 2868 qaae
933 2798 1030 2871 copia,
1054 2813 1113 2854 eoa
1142 2799 1274 2870 opimiore
1297 2799 1385 2855 tacito

211 2890 371 2944 vestrorum
385 2889 557 2954 animorum,
576 2887 626 2944 sed
634 2887 792 2959 perspicae
811 2885 1002 2943 admiratione
1019 2885 1164 2944 declarari
1182 2887 1383 2944 videbatur.

211 2993 239 3048 p.
263 2973 340 3034 Sest.
361 2977 437 3033 122:
462 2975 542 3049 Quem
564 2979 624 3032 tam
641 2975 814 3047 significatio
836 2975 947 3046 faerit
970 2975 1107 3039 omnium,
1131 2991 1204 3046 qaae
1226 2975 1382 3032 declaratio

211 3064 368 3122 votwatdtis
396 3065 433 3122 ab
456 3065 589 3122 aniverso
606 3064 717 3136 populo
741 3063 874 3120 Romame
897 3064 929 3120 ia
952 3062 1189 3120 conscholarium
1215 3081 1272 3120 aon
1290 3080 1384 3135 popa-

212 3151 294 3220 laris,
318 3154 446 3224 equidem
465 3153 666 3218 audiebam,
687 3147 850 3209 existimare
867 3152 987 3224 facilius
999 3155 1137 3224 possam,
1161 3153 1211 3223 qai
1228 3152 1384 3223 affaermd.

211 3355 439 3422 eoajrmctiaieehe
452 3356 632 3421 Nebeaedtre,
651 3356 792 3410 besoedere
806 3354 967 3409 Ficuleates
985 3356 1044 3409 aad
1061 3355 1192 3408 indirecte
1210 3354 1383 3422 Frepeedtae,

212 3428 256 3480 die
273 3443 326 3480 corr
340 3429 425 3480 eidem
441 3427 517 3493 Pers.
537 3428 693 3495 abddmpere,
712 3427 756 3480 die
775 3426 882 3480 Comae.
901 3426 947 3478 dee
963 3427 1055 3480 Proet.
1074 3427 1175 3490 doben,
1193 3425 1252 3478 aad
1270 3427 1334 3478 daea
1349 3456 1381 3464 —

210 3513 263 3551 eon
287 3499 339 3552 dea
361 3499 457 3552 calciet
480 3499 655 3552 betraettetea
677 3513 749 3566 porra
771 3497 972 3550 verschiedeaea
991 3497 1092 3551 Fdllerc
1116 3496 1272 3564 adamatica,
1291 3526 1322 3534 -
1342 3513 1383 3551 wo

211 3569 255 3622 die
270 3568 375 3623 Comere.
398 3569 443 3622 dee
460 3567 554 3622 Proca.
573 3570 644 3622 mach
662 3569 721 3622 dem
737 3568 812 3633 Perf.
831 3568 950 3633 eimtritt,
970 3569 1016 3621 der
1035 3567 1188 3637 replererrde
1207 3567 1272 3620 Sata
1289 3568 1383 3622 immor

211 3640 307 3693 circem
335 3640 556 3693 Uetersotase
578 3656 639 3693 vore
664 3639 968 3693 Prddilcatsimtalt
990 3639 1068 3692 iiber
1091 3639 1151 3692 das
1173 3639 1216 3691 im
1245 3637 1382 3690 Verbum
1484 3651 1485 3656 ¹

211 3727 256 3763 aa
273 3711 346 3764 rich
363 3711 618 3780 Aaepedrd'clcte
636 3711 771 3764 cattdtt.
809 3709 906 3762 Diescr
930 3709 1104 3763 Uebemelmee
1125 3709 1223 3763 beetcht
1240 3710 1333 3762 immor
1351 3710 1382 3762 ia

210 3782 295 3834 cirtem
307 3781 440 3850 Bepriffe,
459 3782 568 3836 weicher
585 3782 643 3834 siet
661 3782 748 3836 dareta
767 3782 817 3834 dos
833 3781 927 3834 Praes.
947 3781 1018 3834 circes
1036 3781 1156 3834 cadmea
1176 3779 1259 3833 Verte
1272 3780 1380 3833 wieder-

210 3853 292 3918 pelea
310 3853 390 3917 idest·
412 3853 510 3906 etdede
527 3854 584 3906 dies
602 3853 699 3917 alteia,
721 3868 750 3906 so
768 3852 860 3904 wrtrde
881 3849 1023 3918 meaiper
1042 3851 1222 3920 caspedrd'clrt
1245 3851 1317 3914 seire,
1341 3851 1382 3904 oie

210 3923 297 3976 duret
314 3922 391 3988 james
415 3922 491 3990 Pers.
515 3925 695 3992 auspedrdelrt
717 3924 760 3976 ist.
794 3921 842 3974 Do
865 3939 924 3974 aaa
947 3923 998 3976 duo
1018 3921 1094 3988 Pers.
1117 3924 1149 3974 ia
1166 3923 1214 3975 der
1233 3921 1315 3990 [tepet
1332 3922 1382 3974 mie

209 3995 255 4047 eia
275 3994 366 4048 Praet.
386 3994 430 4046 die
445 3995 551 4048 Comen.
572 3996 738 4062 beciastmst,
756 4008 786 4045 so
803 3993 883 4046 echert
899 3993 963 4058 wir,
983 3994 1047 4046 duee
1065 3993 1123 4047 hier
1141 3994 1185 4046 die
1200 3991 1304 4046 Censeo.
1324 3993 1382 4046 sicle

210 4081 248 4118 aa
270 4066 322 4118 dae
343 4066 501 4132 pedoette
522 4065 634 4119 Proca.
658 4065 822 4118 amrhiieeet.
865 4063 927 4117 Uad
945 4065 996 4116 das
1017 4065 1053 4117 iet
1066 4063 1101 4128 ja
1119 4063 1171 4116 dae
1194 4061 1290 4116 Weeea
1307 4064 1382 4116 ciecr

205 4135 732 4261 wyngtnttennoofftwlitioddadaae
749 4135 863 4259 eieder‘ch
876 4134 1325 4258 gmcttieffsttaigttaam2t15053ar
1336 4151 1381 4256 g?

279 4223 323 4274 pce
348 4223 409 4259 ece
450 4223 483 4260 ao
502 4223 552 4260 rae
574 4223 613 4271 ‚e
669 4223 718 4260 era
736 4224 774 4260 aa
811 4221 857 4269 ee,
895 4222 1071 4272 eremprcre
1109 4221 1220 4258 arcaea
1250 4223 1268 4257 a
1290 4221 1323 4257 ea
1374 4245 1381 4266 ‚

209 4277 267 4330 eine
282 4276 482 4343 Oonsrmdioa,
500 4279 544 4331 die
561 4278 627 4330 diver
641 4279 692 4332 das
705 4293 790 4346 parere
803 4276 897 4330 Gebiet
910 4277 958 4330 der
967 4277 1121 4343 poetiecdea
1134 4276 1194 4328 aad
1202 4275 1381 4342 proeoieehea

209 4346 320 4416 Symtoa
338 4349 397 4472 ιιὲιά
415 4349 534 4402 Stilietilr
551 4349 608 4402 siclt
626 4350 759 4402 eretreckt.

282 4422 307 4486 1)
325 4418 354 4472 vi
376 4463 381 4474 .
401 4425 425 4484 ς.
445 4426 470 4474 7.

280 4492 307 4558 2)
326 4489 361 4544 cf.
380 4507 406 4558 p.
428 4495 468 4543 14.
489 4493 546 4544 not.
568 4498 591 4544 1.

280 4563 308 4631 3)
326 4560 344 4614 l.
365 4577 388 4614 c.
407 4578 434 4628 p.
454 4568 513 4615 366.
