3366 5266
296 735 395 794 Etiam
423 735 548 811 perlecti
575 729 723 793 infinitivo
755 734 957 793 intercedente
986 733 1089 794 Cicero
1118 735 1160 794 cis
1193 736 1378 810 temporibus

206 825 317 897 utitur,
346 843 423 899 quac
446 827 529 882 recta
552 823 687 883 oratione
718 823 881 883 adhiberet.
932 821 1041 882 Oonler
1063 824 1101 881 ad
1124 825 1193 882 fam.
1217 824 1268 898 IV,
1293 827 1320 898 3,
1346 829 1379 883 2:

208 913 305 986 Quare
327 916 528 972 meminisse
551 915 657 971 debes
684 927 744 980 eos,
773 915 822 984 666
844 911 1044 970 auctoritatem
1072 917 1097 970 et
1124 915 1274 972 consilinm
1300 918 1381 972 tunm

207 1020 266 1059 666
292 1004 351 1060 3666
376 1004 477 1070 secuti,
505 1019 561 1061 sua
588 1003 709 1060 stultitia
738 1003 923 1067 occidisse,
952 1019 1017 1058 cum
1046 1005 1097 1059 tua
1117 1003 1278 1074 prudentia
1305 1005 1380 1062 salai
1464 1040 1468 1050 ι

207 1107 265 1148 6336
282 1093 494 1162 potuissent.
537 1091 634 1149 Recta
652 1090 796 1150 oratione:
820 1092 890 1162 666.
907 1132 935 1146 ..
959 1107 1017 1148 666
1039 1094 1107 1148 sant
1123 1093 1219 1157 secuti,
1235 1136 1242 1151 .
1257 1135 1286 1148 ..
1309 1094 1379 1151 6666

206 1181 318 1246 derunt,
341 1197 406 1238 cum
420 1226 426 1238 .
442 1224 449 1239 .
464 1225 471 1238 .
488 1181 657 1253 potuissent.
687 1199 715 1253 p.
730 1177 896 1237 16636666
912 1179 967 1236 59:
992 1177 1114 1245 06666,
1134 1197 1198 1237 cnm
1216 1181 1378 1254 uidisset,

205 1271 256 1340 666
278 1269 405 1327 tornines
432 1271 464 1326 in
491 1269 566 1327 66366
593 1269 736 1327 subselliis
762 1269 902 1332 sederent,
933 1269 1131 1339 quaesisse,
1158 1285 1230 1326 uum
1256 1268 1305 1326 ille
1327 1275 1379 1328 ant
1456 1325 1461 1336 ,
1557 1317 1564 1338 ,

204 1358 253 1416 6116
281 1358 451 1430 defensurus
479 1361 564 1427 csset;
593 1358 627 1415 de
657 1374 703 1415 me
732 1374 768 1414 ne
798 1357 1019 1430 suspicatum
1045 1357 1159 1428 quidem
1191 1373 1277 1424 esse,
1305 1359 1380 1430 66666

206 1450 293 1503 antea
320 1463 440 1504 cansam
461 1447 611 1519 publicam
637 1447 750 1504 nnllam
777 1446 936 1504 66666666.
992 1443 1024 1502 Si
1051 1447 1134 1503 recta
1163 1449 1243 1504 63366
1273 1447 1378 1522 oratio,

206 1533 248 1592 sie
277 1533 439 1616 diceretur:
467 1552 532 1593 cnm
558 1535 682 1602 uidisset,
706 1536 755 1607 666
769 1577 776 1592 .
792 1576 822 1594 ..
845 1535 980 1600 sederem,
1004 1536 1156 1606 666636666,
1178 1553 1250 1592 666
1264 1579 1270 1592 .
1285 1579 1314 1594 ..
1333 1537 1379 1594 de-

138 1664 141 1668 ·
204 1625 342 1696 66636663
358 1628 443 1694 63366·
458 1625 589 1682 666666
604 1625 767 1695 3636666663
776 1623 890 1695 quidem
904 1627 952 1690 636,
966 1623 1042 1695 qnod
1095 1621 1302 1698 discipilum.
1319 1627 1378 1684 60:

211 1711 339 1770 Vinces
355 1713 485 1785 66666666
507 1729 567 1770 666
588 1713 701 1784 fnisse
724 1716 853 1770 armates
871 1729 926 1779 eos,
949 1713 998 1784 666
1015 1729 1090 1770 sara
1112 1714 1281 1780 iacerent,
1304 1731 1378 1786 6666

205 1802 240 1858 de
271 1805 350 1859 terra
381 1803 439 1874 6636
466 1801 605 1866 tollerent,
637 1819 696 1858 666
724 1818 782 1859 6336
809 1818 894 1859 6666
922 1802 1038 1873 cespites
1065 1817 1153 1872 66666
1179 1801 1291 1874 plebes,
1319 1819 1378 1860 non

204 1891 319 1962 fnisse
341 1894 539 1956 6666663663,
563 1891 612 1962 666
629 1893 845 1966 praetereuntes
859 1907 976 1947 66666
990 1891 1233 1962 defrinpcrent
1255 1892 1377 1957 6666663,

205 1996 291 2037 arma
314 1995 373 2037 esse
395 1980 457 2037 suis
474 1979 639 2036 666666663
657 1979 719 2037 alia
741 1979 780 2036 ad
798 1979 955 2051 66666666,
978 1979 1040 2036 alia
1058 1979 1098 2036 ad
1114 1979 1282 2046 66666666,
1305 1997 1378 2051 qnae

204 2069 254 2138 666
275 2084 334 2125 666
355 2067 556 2134 666666666,
586 2079 631 2126 663
653 2069 775 2126 inermes
802 2068 915 2140 fnisse
937 2069 1061 2126 666663.
1112 2067 1206 2125 Recta
1229 2067 1376 2126 oratione:

208 2155 273 2214 Non
295 2157 415 2228 fnaunt
436 2159 545 2214 armati
566 2157 598 2222 66,
621 2158 671 2228 666
693 2145 767 2214 sara
789 2157 932 2214 iaciebant
954 2187 990 2196 -
1012 2155 1192 2214 describitur
1222 2175 1270 2216 663
1293 2175 1377 2232 6666-

204 2244 304 2316 terita,
327 2263 387 2303 non
410 2244 448 2302 ad
471 2247 612 2302 eventum
635 2244 699 2303 eius
723 2247 877 2319 spectatur
896 2275 936 2284 -—
952 2247 1002 2316 666
1019 2240 1235 2317 defrinpebant.
1251 2289 1281 2306 ..
1303 2263 1377 2318 6666

205 2335 255 2406 666
277 2351 336 2390 666
358 2334 520 2392 666666666
543 2363 582 2372 -
608 2332 646 2391 ad
666 2335 805 2392 eventum
824 2332 984 2406 respicitur
1003 2364 1045 2372 -
1063 2334 1087 2391 66
1109 2335 1232 2392 inermes
1249 2335 1375 2406 fuerunt.

203 2422 249 2479 ad.
264 2422 334 2480 fam.
352 2421 388 2496 V,
410 2425 437 2494 7,
459 2425 493 2480 3:
513 2440 600 2494 6666
619 2439 667 2495 666
686 2424 738 2480 663
757 2426 781 2479 66
794 2424 1087 2494 praetermissam
1106 2439 1178 2480 esse
1200 2423 1375 2490 66666666,

203 2512 278 2582 qnod
299 2527 473 2577 66666666,
496 2527 532 2568 66
551 2513 633 2568 euius
651 2513 782 2569 animum
804 2511 967 2581 offenderes.
1011 2509 1104 2568 Recta
1123 2510 1269 2570 oratione:
1287 2529 1377 2584 6666-
1481 2543 1484 2550 -

203 2600 334 2657 66666336
363 2603 415 2666 636,
447 2599 522 2671 qnod
553 2601 688 2658 66666666
716 2591 790 2678 (non
816 2616 957 2665 66666666,
990 2597 1130 2673 quoniam
1158 2617 1245 2656 suum
1272 2597 1375 2658 Cicero

203 2687 346 2745 iudicium
368 2688 435 2745 6616
458 2706 632 2763 proponere,
655 2706 715 2747 non
737 2687 872 2762 Pompeii
895 2681 1129 2768 cogitationem).
1171 2707 1199 2763 p.
1214 2687 1299 2748 Balb.
1319 2690 1375 2748 56:

202 2776 225 2832 Ι
227 2777 391 2850 66666666,
414 2778 530 2843 66616663,
553 2779 585 2834 66
608 2794 698 2836 66636
721 2781 822 2849 aperta
839 2777 1010 2848 minimeque
1033 2777 1122 2834 dubia
1139 2778 1227 2834 66166
1247 2781 1272 2835 66
1283 2778 1377 2851 66666

203 2869 229 2922 66
255 2883 274 2923 6
295 2866 433 2937 pluribus
456 2883 530 2924 esse
553 2867 661 2932 dicta,
690 2883 778 2937 6666
809 2880 857 2924 663
880 2866 1083 2937 postularet
1115 2857 1213 2942 (recta
1240 2865 1374 2934 oratione

197 2946 421 3033 postulabat).¹)
476 2953 512 3012 de
535 2956 596 3012 net.
621 2953 701 3013 deor.
723 2953 826 3026 Lydo:
858 2953 915 3012 Sed
941 2953 1117 3012 Simmidem
1144 2957 1374 3016 66666666...

202 3042 271 3114 6666
297 3042 389 3100 66666
415 3045 577 3100 66666666
603 3045 635 3102 66
663 3047 784 3100 mentem
816 3047 902 3100 66666
930 3047 1013 3115 66666
1039 3044 1169 3110 subtilia,
1199 3044 1376 3114 dubitantem

202 3131 271 3202 66666
294 3148 391 3188 66666
414 3135 485 3189 esset
506 3133 697 3198 6666336666,
720 3132 930 3203 desperasse
953 3149 1064 3189 omnem
1086 3134 1241 3192 ceritatem.
1283 3132 1376 3191 Recta

202 3219 349 3280 oratione:
380 3221 449 3292 qnia
471 3221 563 3278 multa
590 3221 740 3278 ueniebant
762 3221 794 3278 66
820 3224 948 3280 mentem.
994 3220 1030 3279 de
1053 3222 1114 3278 nat.
1137 3219 1216 3287 6666.
1239 3219 1294 3297 ΠΙ,
1320 3223 1375 3280 54:

203 3325 320 3380 666666
343 3312 374 3365 66
395 3309 496 3374 solem,
520 3311 589 3381 6666
610 3310 689 3367 solus
712 3313 813 3374 esset,
836 3310 1064 3381 appellatum.
1080 3326 1155 3367 esse
1178 3311 1293 3378 dicas,·
1321 3310 1373 3367 du-

201 3395 271 3470 plici
290 3397 404 3455 ratione
424 3397 572 3472 explicere
594 3397 673 3470 licet,
697 3415 824 3471 quarum
842 3398 969 3456 alteram
989 3396 1192 3456 Andresenius
1200 3389 1224 3478 ¹)
1245 3398 1373 3473 exhibet,

202 3502 269 3542 cum
293 3504 328 3542 ex
355 3489 455 3544 mente
483 3485 700 3561 appellantium
729 3503 849 3544 causam
871 3486 956 3543 illam
980 3485 1088 3544 dictam
1117 3505 1183 3545 6336
1210 3488 1314 3560 putat,
1338 3491 1373 3546 ut

202 3575 284 3630 recta
298 3575 432 3633 oratione
453 3574 616 3632 diceretur:
639 3575 696 3641 sel,
719 3577 788 3646 6666
810 3575 889 3633 solus
907 3579 989 3642 63366,
1014 3575 1176 3648 appellatus
1199 3580 1255 3646 636,·
1278 3575 1374 3634 altera

202 3679 237 3718 ea
269 3665 328 3736 636,
358 3665 393 3721 ut
425 3662 634 3722 attractionem
666 3662 776 3722 factam
807 3681 872 3722 esse
900 3666 931 3722 et
962 3667 1044 3722 recta
1075 3663 1209 3723 oratione
1242 3664 1285 3722 sic
1316 3665 1374 3724 diei

200 3749 379 3809 iudicemus:
401 3753 446 3810 sol
469 3754 538 3824 6666
560 3753 638 3812 36663
657 3753 912 3825 66666666666663
936 3743 1011 3832 eset)
1050 3752 1132 3810 Idem
1147 3751 1304 3812 dicendum
1327 3758 1374 3812 est

201 3837 237 3894 66
252 3839 347 3898 altero
362 3839 414 3898 illo
431 3840 504 3916 1666,
520 3858 609 3915 quem
619 3840 823 3899 Andresenius
834 3841 933 3914 affert,
950 3840 986 3898 de
1002 3841 1050 3901 off.
1064 3839 1107 3913 ΙΙ,
1124 3843 1179 3900 86:
1199 3860 1271 3914 6663
1289 3860 1336 3900 663
1354 3861 1373 3901 6

200 3944 310 3984 36666
338 3929 509 4002 philosopho
540 3931 970 4003 praeteritnstarbitrer,
1007 3929 1083 4002 66666
1115 3935 1230 3988 633666
1263 3932 1372 4004 faciles.

201 4013 256 4073 His
281 4015 408 4091 adiunge
432 4017 468 4076 66
488 4037 529 4076 66.
548 4017 603 4092 ΙΙΙ,
623 4019 678 4076 82:
708 4017 795 4078 Nnnc
817 4019 984 4091 intellepo
1006 4019 1060 4077 illa
1083 4022 1109 4076 te
1130 4035 1241 4092 semper
1256 4023 1374 4092 6666666

200 4104 459 4177 ducissa-qnae
488 4107 527 4164 ad
555 4107 728 4179 sapientiam
755 4111 962 4179 spectarent.
1008 4105 1102 4165 Recta
1130 4108 1277 4168 oratione:
1309 4109 1389 4167 Illa*

200 4207 311 4266 366666
326 4196 441 4270 6666666
460 4196 576 4262 6666366,
599 4212 672 4268 qnae
694 4196 734 4254 ad
755 4197 928 4268 sapientiam
950 4197 1116 4268 3666666666
1136 4227 1174 4235 -
1195 4215 1255 4271 ,per
1280 4199 1372 4256 attra-

200 4280 329 4341 ctionem
351 4286 520 4358 temporum
537 4314 574 4324 -
596 4284 645 4343 vel
667 4287 886 4356 spectarent-
907 4303 941 4342 cx
965 4285 1065 4343 mente
1088 4284 1205 4359 potiora
1227 4285 1371 4346 ducentia.

200 4418 412 4428 ——-———..

273 4489 301 4625 {i
318 4486 568 4627 bf.c'Ci-)p.3i3.¹'§.,2.
588 4558 781 4628 imprimisque
800 4560 880 4615 'l'usc
900 4561 935 4630 II,
954 4566 998 4616 43.
