3366 5266
773 393 999 458 *ta—-

300 555 485 632 coniectura,
524 559 575 634 qai
612 561 761 620 titillentur
793 560 912 634 maluit,
951 581 1010 620 non
1047 579 1121 636 opus
1158 578 1224 619 esee
1261 579 1363 621 omnes
1399 581 1478 650 nuno

299 645 501 706 consentiunt.

847 737 876 815 ἓ.
902 743 929 799 8.

392 863 486 924 Venio
514 885 593 924 nunc
622 865 660 924 ad
682 864 848 940 praesentis
870 865 1065 941 praegnantis
1089 865 1336 925 consecutionem.
1383 867 1428 926 Ac
1451 868 1477 928 ei

299 952 335 1011 de
364 972 406 1011 or.
433 953 462 1029 Ι,
492 956 557 1013 254
587 955 629 1012 sio
658 953 802 1030 scriptum
829 953 977 1037 videmus:
1008 954 1101 1013 Solet
1128 957 1201 1014 idem
1230 955 1355 1014 Roscius
1383 958 1476 1016 dicere

297 1061 340 1110 se,
369 1059 423 1114 quo
441 1044 513 1116 plus
535 1045 592 1104 sibi
614 1046 717 1102 aetatis
740 1045 934 1108 accederet,
966 1061 996 1101 eo
1020 1045 1161 1102 tardiores
1184 1045 1308 1102 tibicinis
1329 1047 1428 1104 modos
1451 1052 1477 1104 et

298 1135 401 1189 cantus
427 1134 605 1191 remissiores
634 1150 692 1198 esse
720 1134 879 1204 facturum,
913 1131 1120 1207 imperfectum
1148 1133 1278 1207 positum
1308 1135 1367 1208 est,
1396 1137 1475 1210 quod

253 1282 257 1286 ,
298 1219 439 1295 cogitatio
464 1219 563 1279 Roscii
586 1239 646 1278 non
667 1239 824 1296 praecone,
854 1223 889 1278 ut
911 1220 1042 1279 indicare
1066 1220 1161 1280 videri
1184 1222 1285 1297 potest
1307 1221 1382 1280 illud
1406 1225 1474 1282 solet

298 1310 404 1375 dicere,
443 1309 496 1368 sed
527 1311 691 1385 praeterita
724 1329 741 1368 a
774 1307 915 1369 Cicerone
948 1309 1085 1385 fingitur,
1118 1314 1152 1368 nt
1182 1309 1388 1384 explicandum
1420 1312 1473 1370 sit:

299 1401 325 1455 et
346 1398 415 1455 solet
437 1400 528 1457 dicere
552 1403 577 1456 et
598 1401 700 1458 solitus
723 1402 770 1458 est.
802 1399 839 1457 de
863 1399 910 1458 off.
933 1398 986 1470 III,
1014 1390 1068 1457 13:
1092 1399 1209 1457 Etenim
1232 1401 1308 1472 quod
1329 1419 1473 1460 summum

299 1488 404 1545 bonum
422 1506 442 1545 u
459 1486 563 1546 Stoicis
581 1489 698 1554 dicitur,
720 1490 914 1546 conuenienter
936 1491 1061 1546 naturae
1083 1489 1186 1554 uicere,
1209 1489 1241 1547 id
1262 1489 1367 1548 tabet
1389 1491 1472 1558 hanc,

298 1579 331 1633 ut
353 1577 469 1648 opinor,
496 1578 682 1634 senteutiam:
710 1595 775 1634 eum
797 1578 901 1634 uirtute
924 1593 1077 1650 ccupruere
1099 1595 1223 1650 semper,
1252 1582 1345 1636 cetero
1368 1583 1472 1646 autem,

297 1681 371 1736 quoe
406 1666 563 1722 seeundum
599 1669 737 1724 naturam
774 1669 901 1731 essent,
937 1668 980 1723 ito
1012 1666 1115 1738 legere,
1156 1667 1182 1724 si
1214 1683 1248 1724 ea
1279 1668 1380 1726 uirtuti
1414 1687 1473 1726 non

296 1757 499 1826 repugnarent.
533 1753 624 1812 Recte
643 1753 801 1813 Lievenius
819 1753 1049 1830 interpretetur:
1070 1749 1159 1812 Stoici
1176 1757 1218 1812 ito
1237 1749 1471 1835 intellexerunt.¹)

296 1841 386 1901 Falso
418 1845 519 1900 antem
551 1841 694 1901 iudicavit
722 1842 758 1901 de
786 1842 839 1903 Ac.
867 1841 911 1915 ΙΙ,
947 1845 1023 1901 14οι
1055 1841 1153 1901 Audi
1181 1848 1280 1902 contra
1312 1845 1403 1926 illos,¹
1422 1849 1472 1918 qui

295 1948 400 1988 nomen
426 1931 581 1990 honestetis
608 1951 627 1990 a
654 1949 685 1990 se
711 1949 746 1989 ne
773 1932 897 2004 intellegi
923 1932 1037 2004 onmem
1063 1933 1175 1998 dicant,
1202 1935 1261 1990 nisi
1282 1933 1369 2005 forte,
1397 1937 1472 2006 quod

294 2020 453 2093 gloriosum
475 2022 513 2079 sit
534 2022 567 2077 in
588 2021 701 2094 culpus,
724 2021 755 2078 id
777 2021 924 2078 honestum
946 2021 1066 2078 odimus
1089 2022 1195 2078 dicere:
1217 2021 1325 2093 fontem
1343 2025 1471 2082 omnium

297 2110 436 2167 bonorum
457 2111 490 2166 in
512 2126 630 2182 corpore
653 2126 724 2176 esse,
747 2109 823 2167 lianc
844 2126 991 2175 normam,
1020 2109 1261 2182 innormatum,
1290 2111 1366 2169 ian-c
1381 2130 1471 2186 prae-

295 2199 479 2278 scriptionem
502 2214 560 2256 esse
582 2202 721 2264 naturae,
746 2217 765 2256 o
787 2216 846 2270 quo
868 2199 918 2270 qui
941 2199 1196 2264 aberravisset,
1226 2215 1289 2257 eum
1310 2217 1469 2272 nunqnam,

296 2286 366 2358 quid
401 2287 433 2344 in
464 2287 525 2344 nito
560 2290 781 2358 sequeretur,
821 2286 997 2345 habiturum.
1049 2285 1128 2343 Nam
1161 2287 1239 2362 quod
1280 2287 1355 2346 tanc
1381 2308 1470 2363 prae·

294 2376 478 2448 sarmationem
505 2393 564 2434 esse
595 2375 720 2450 aequale
750 2373 833 2450 dicit,
865 2375 916 2432 hoc
943 2377 1159 2448 praescriptum
1192 2393 1263 2443 esse,
1296 2396 1356 2436 non
1387 2379 1470 2438 videt

295 2463 485 2522 enuntiatum
508 2483 528 2522 u
551 2483 609 2536 qua
636 2466 685 2536 qui
713 2467 761 2522 cet.
806 2463 935 2544 pendero
963 2463 1000 2521 ab
1025 2465 1109 2530 audi,
1138 2481 1198 2523 non
1226 2465 1264 2524 ab
1290 2465 1365 2524 liano
1383 2486 1470 2540 proe-

294 2555 477 2626 scriptionem
510 2571 581 2620 esse,
620 2551 700 2628 quod
726 2571 764 2610 ne
791 2551 835 2610 ita
867 2570 933 2610 esee
966 2552 1163 2627 suspicemur,
1201 2552 1327 2612 relativo
1359 2573 1379 2613 a
1412 2575 1470 2628 qna

295 2641 487 2699 vehementer
520 2641 708 2716 impedimur.
766 2640 815 2698 lta
846 2640 941 2716 igitur
971 2641 1229 2716 interpretandum
1266 2645 1323 2714 est,
1357 2647 1392 2702 nt
1434 2663 1469 2703 ex

295 2731 366 2788 nudi
389 2729 455 2788 dios
478 2729 716 2788 subaudiendum
735 2747 801 2789 esee
821 2729 953 2788 dicamus
977 2731 1021 2788 itti
1043 2731 1142 2788 docent
1157 2731 1207 2789 vel
1230 2732 1392 2790 docuerunt.
1431 2733 1468 2792 de

294 2821 355 2875 nat.
384 2818 464 2876 deor.
492 2817 550 2890 111,
581 2821 635 2877 70:
670 2817 750 2876 Huic
777 2819 836 2876 loco
863 2819 905 2876 sie
931 2819 1054 2877 soletis
1081 2836 1243 2877 occurrere:
1274 2837 1334 2878 nou
1362 2823 1469 2880 ideirco

293 2925 352 2964 non
374 2909 478 2980 optime
500 2909 583 2966 nobis
606 2926 626 2965 u
649 2909 705 2966 diis
728 2925 787 2965 csse
804 2908 970 2980 prouisum,
999 2909 1074 2979 quod
1095 2909 1179 2966 multi
1206 2926 1304 2966 eorum
1335 2911 1468 2982 beneficio

289 3012 425 3069 peruerse
447 3000 641 3054 uterentur.
683 2993 731 3054 Sic
758 2994 896 3072 intellegi
917 3013 1039 3054 necesso
1063 2997 1122 3054 est:
1152 3001 1178 3054 et
1199 2998 1294 3056 soletis
1320 3014 1469 3058 occurrere

294 3088 320 3141 et
357 3084 434 3142 soliti
470 3087 544 3144 estis.
599 3084 720 3143 Minime
757 3103 827 3143 vero
865 3083 1049 3158 probandam
1087 3087 1145 3158 est,
1183 3085 1262 3160 quod
1294 3083 1467 3166 Drangerus

293 3172 401 3247 voluit,
428 3172 602 3247 imperfecto
624 3177 772 3232 uterentur
794 3176 918 3248 propter
946 3161 1171 3232 antecedentem
1193 3167 1374 3254 infinitivum
1401 3195 1467 3251 per-

293 3260 364 3319 fecti
393 3259 564 3340 Ciceronem
591 3280 680 3320 usum
708 3253 814 3342 essai)
860 3261 896 3320 de
923 3260 972 3320 fin.
1000 3259 1057 3334 IV,
1086 3264 1141 3320 47:
1176 3263 1233 3322 Vos
1260 3265 1300 3322 ad
1320 3269 1468 3345 ,naturam

292 3348 481 3408 revertemini.
533 3350 643 3424 Quibus
673 3355 782 3410 notura
814 3353 877 3408 iure
908 3352 1145 3424 responderit,
1176 3369 1236 3410 non
1268 3370 1326 3411 esse
1357 3372 1467 3422 onum,

294 3439 411 3496 aliunde
437 3441 525 3510 daem
552 3441 631 3499 beate
657 3441 784 3506 uiuendi,
813 3449 832 3497 a
859 3456 889 3497 sc
907 3441 1058 3512 principia
1080 3442 1123 3498 rei
1141 3442 1284 3512 perendoe
1301 3444 1380 3514 peti·
1408 3461 1468 3502 esse

294 3529 369 3584 enim
395 3543 487 3586 unam
509 3530 662 3594 rationem,
691 3547 749 3601 qua
773 3532 798 3586 et
813 3529 965 3601 principia
986 3546 1086 3586 rerum
1108 3530 1288 3602 agendorum
1312 3535 1337 3590 ct
1363 3532 1468 3590 ultimo

293 3617 432 3675 bonorum
468 3619 741 3676 continerentur.
797 3614 975 3675 Transcribo
1008 3617 1207 3693 Madvigium,
1244 3618 1296 3693 qui
1323 3619 1361 3677 ad
1388 3619 1467 3679 hunc

292 3704 390 3763 locam
426 3703 553 3763 dilucide
591 3705 632 3765 sic
669 3704 835 3764 annotavit:
864 3697 1003 3764 ‘Proreus
1040 3704 1214 3764 notabiliter
1247 3705 1362 3780 Cicera,
1399 3727 1467 3766 cum

292 3794 363 3866 apte
396 3792 432 3849 ad
463 3793 508 3867 id,
544 3794 623 3868 quod
656 3793 807 3870 praecedit
839 3792 1058 3867 (revertemini),
1094 3813 1180 3853 orsus
1213 3797 1293 3854 esset
1317 3814 1335 3854 a
1363 3795 1466 3856 futuro

291 3881 456 3955 potentiali,
480 3877 648 3942 orationem
671 3883 709 3941 ad
727 3883 809 3940 alind
827 3885 946 3958 tempus
965 3882 1122 3942 transtulit
1140 3882 1372 3953 (continerentur,
1396 3891 1468 3944 esset

292 3970 417 4043 exploso,
440 3973 586 4030 interesset
608 3971 680 4046 cet).
716 3970 853 4047 Apparet
867 3969 1037 4029 Ciceronem
1061 3971 1203 4030 orationis
1227 3973 1305 4031 initii
1329 3973 1466 4049 oblitum,

291 4057 390 4118 visum
423 4077 488 4118 esse
519 4059 578 4118 sibi
610 4079 701 4134 supra
733 4062 787 4118 aut
818 4077 971 4133 narrasse,
1010 4060 1081 4134 quid
1114 4060 1223 4120 Zenoni
1255 4061 1294 4120 ad
1325 4065 1465 4121 naturam

290 4147 455 4206 revertenti
478 4148 636 4208 accidisset
660 4147 822 4222 (quaerenti
843 4153 952 4208 notura
974 4151 1038 4207 iure
1056 4149 1266 4222 respondebat),
1291 4169 1350 4226 qua
1368 4151 1465 4210 forma

293 4232 321 4310 ἓ.
346 4237 387 4294 55
412 4236 509 4295 utitur
533 4235 644 4308 (minus
661 4239 865 4311 probabuntur
888 4236 965 4310 cet),
990 4239 1043 4294 eut
1067 4237 1309 4297 condicionaliter
1331 4240 1464 4299 locutum

292 4323 357 4383 eise
390 4324 430 4396 (si
461 4327 502 4384 ad
532 4330 671 4386 naturam
701 4327 926 4392 reverteremini,
958 4327 1022 4384 iure
1053 4327 1106 4386 dtu
1137 4329 1216 4387 nobis
1245 4323 1463 4403 responderet).'
