3366 5266
576 427 890 534 ·-19-a

198 592 427 710 stimas,lquod
455 593 549 650 0011100
576 609 740 666 eopuoseere
767 610 825 650 aaa
847 593 984 664 potuistis
1015 591 1094 649 idem
1127 592 1188 649 tere
1219 594 1265 650 est
1292 592 1372 667 quod
1401 637 1404 646 .

196 673 667 844 ῃ6801118810111110(111111101011001,
690 771 761 827 utra
777 762 944 843 explicatio
967 767 1161 843 praeferenda
1185 768 1233 844 sit,
1257 767 1374 843 quodne

113 879 115 882 ·
199 857 340 933 cogitatio
360 857 398 915 ad
418 860 558 915 eventum
576 859 673 916 relata
697 858 737 916 sit
760 858 809 915 vel
832 856 984 932 praesenti
1006 858 1173 933 perfeetum
1196 857 1375 916 commutari

197 947 305 1022 possit,
334 965 372 1003 an
399 947 479 1022 quod
507 965 593 1004 suam
619 947 658 1017 is,
687 946 738 1021 qui
762 946 908 1021 loquitur,
937 945 1149 1020 cogitationem
1173 945 1373 1021 proposuerit.

198 1034 279 1094 Conf.
308 1036 346 1093 ad
368 1036 439 1093 fam.
466 1035 501 1109 X,
532 1037 581 1106 22,
612 1037 644 1093 2:
678 1034 759 1108 Quod
785 1052 822 1092 ue
848 1039 946 1093 uestro
974 1037 1117 1093 arbitratu
1150 1039 1371 1108 componeretur,

197 1127 261 1196 quis
283 1126 395 1197 fuerit
416 1125 629 1197 impedimento,
660 1124 787 1182 arbitror
810 1127 835 1181 te
864 1141 897 1182 ea
920 1123 1025 1182 Planci
1047 1125 1137 1182 literis
1165 1126 1375 1196 eopuooisse.

196 1213 233 1270 ad
256 1212 327 1272 fam.
350 1212 401 1283 XI,
432 1215 465 1287 l,
493 1218 524 1271 1:
549 1212 629 1286 Quae
659 1229 724 1270 mea
756 1213 870 1285 fuerit
900 1215 1052 1278 seutmtia,
1085 1228 1253 1285 eopuosse
1285 1217 1310 1270 10
1342 1230 1376 1270 ee

196 1302 240 1360 M.
268 1301 333 1359 Seio
360 1303 494 1360 arbitror.
545 1301 583 1358 ad
609 1301 679 1360 fam.
707 1300 736 1372 I,
760 1302 812 1376 56,
843 1305 874 1358 1:
908 1302 966 1358 Hie
995 1319 1068 1374 puae
1095 1305 1235 1373 apautur.
1248 1318 1375 1374 quaeque

197 1395 262 1448 actu
280 1393 363 1457 siut,
388 1408 422 1448 eu
445 1395 470 1448 te
493 1394 519 1447 et
541 1391 631 1448 literis
653 1391 808 1448 multorum
831 1394 858 1447 01
879 1391 990 1448 urrutiis
1013 1407 1181 1462 eopuosse
1204 1380 1373 1470 arbitror.²)

196 1499 224 1553 p.
253 1477 371 1537 Cluent.
402 1481 456 1537 17:
488 1480 613 1536 Initium
645 1479 720 1550 quod
750 1479 816 1536 truie
848 1496 913 1536 eum
943 1483 1035 1536 matre
1066 1481 1179 1552 fuerit
1210 1480 1373 1544 simultatis,

197 1569 360 1626 audistis.
405 1567 491 1624 Brut.
508 1569 562 1626 25:
585 1567 726 1625 Laudare
747 1569 837 1640 ipitur
860 1568 1048 1639 eloquentiam
1072 1571 1105 1634 et,
1129 1571 1239 1640 quauta
1261 1570 1306 1626 ais
1328 1569 1376 1626 sit

196 1659 270 1723 eius,
300 1673 451 1728 eapoucre,
480 1660 673 1728 quamtamque
696 1658 748 1721 eis,
777 1658 826 1728 qui
854 1658 913 1714 siat
935 1673 999 1714 eam
1026 1658 1177 1728 consueti,
1207 1657 1375 1729 simultatem

197 1748 349 1817 afferat,
372 1761 461 1817 raeque
478 1746 704 1817 propositum
725 1746 808 1802 uobis
832 1749 884 1802 est
905 1745 956 1802 loc
979 1746 1037 1802 loeo
1060 1762 1149 1816 meque
1170 1747 1374 1803 necessarium.

196 1833 233 1892 de
262 1833 310 1891 fin.
340 1832 373 1905 V,
404 1835 458 1891 24:
493 1832 568 1890 Oum
595 1837 691 1890 autem
712 1835 855 1906 processit
876 1834 1015 1906 paullum
1038 1837 1064 1890 ct
1090 1838 1230 1906 metemus
1253 1835 1376 1906 quidque

196 1940 227 1980 se
254 1925 410 1994 uttiapat
437 1923 476 1980 uol
503 1938 587 1994 seque
608 1924 804 1993 pertimeat,
831 1924 997 1994 perspicere
1020 1925 1149 1997 coepit,
1183 1927 1244 1980 tum
1270 1923 1376 1981 semim

195 2013 298 2084 ium'pit
320 2015 368 2068 eet.

737 2113 764 2190 ἓ.
791 2121 819 2176 7.

283 2241 499 2302 Verumtamen
526 2246 573 2300 est
607 2239 659 2300 ubi
685 2241 751 2300 fieri
777 2260 836 2299 non
870 2242 978 2315 possit,
1011 2244 1046 2299 ut
1074 2241 1114 2314 is,
1148 2241 1199 2316 qui
1230 2241 1373 2316 loquitur,

196 2331 406 2404 cogitationem
429 2329 674 2405 interrogationis
703 2330 841 2405 obliquae
874 2347 961 2388 suam
987 2330 1081 2388 faeiat
1109 2331 1139 2388 et
1166 2348 1226 2387 non
1249 2330 1376 2388 subiecti

194 2419 342 2494 primarii,
371 2419 424 2478 sed
452 2437 538 2476 suum
567 2419 707 2477 iudicium
735 2423 891 2493 proponat.
939 2418 1018 2476 Nam
1047 2419 1073 2477 si
1102 2419 1291 2477 enuntiatum
1318 2419 1377 2493 pri-

195 2508 324 2565 marium
348 2526 414 2565 cum
441 2507 533 2566 verbo
562 2507 680 2582 regenti
709 2507 873 2566 antecessit
896 2510 986 2582 atque
1014 2507 1058 2565 ita
1085 2506 1123 2578 is,
1154 2507 1206 2582 qui
1232 2507 1376 2581 loquitur,

196 2596 233 2653 de
251 2596 488 2672 interrogatione
508 2596 556 2653 vel
576 2595 757 2671 cogitatione
781 2595 882 2670 aliqua
905 2595 1031 2654 alterius
1056 2614 1087 2653 se
1110 2613 1200 2671 agere
1223 2595 1374 2667 indicavit,

134 2691 136 2700 ’
195 2685 293 2742 faeere
316 2705 376 2744 non
399 2703 487 2759 posse
510 2684 584 2741 mihi
607 2684 736 2756 videtur,
760 2689 794 2742 ut
817 2703 882 2742 eam
907 2684 1119 2759 cogitationem
1141 2702 1200 2743 non
1223 2687 1286 2742 tam
1311 2683 1374 2742 eius

196 2791 275 2846 esse,
303 2774 340 2830 (10
364 2793 421 2847 quo
445 2773 476 2829 in
500 2773 655 2830 enuntiato
679 2773 820 2847 primario
844 2773 960 2848 agitur,
995 2773 1047 2832 sed
1076 2791 1161 2830 suam
1189 2773 1376 2847 profiteatur.

196 2861 237 2918 Et
255 2881 326 2921 varo
344 2861 376 2919 in
396 2861 548 2939 exemplis,
572 2881 649 2936 quae
674 2861 794 2936 quidem
818 2881 909 2937 supra
933 2863 1099 2934 attulimus,
1122 2861 1375 2936 interrogationes

196 2950 342 3034 obliquae¹
357 2950 456 3009 verbis
480 2951 656 3023 regentibus
680 2941 901 3030 antecedunt)

285 3039 389 3096 Restat·
418 3040 452 3095 ut
479 3038 515 3096 de
539 3040 581 3096 eis
610 3040 697 3110 locis,
727 3039 778 3113 qui
801 3039 869 3096 huic
892 3039 966 3115 legi,
997 3057 1087 3113 quam
1110 3039 1197 3097 modo
1220 3039 1374 3114 proposui-

196 3146 275 3198 mus,
304 3146 473 3202 repugnare
503 3128 655 3200 videntur,
684 3145 779 3202 pauca
809 3127 948 3187 dieamus
995 3127 1130 3184 Primum
1161 3127 1268 3204 igitur,
1297 3128 1375 3202 quod
1455 3139 1459 3146 '

197 3216 338 3290 seriptum
363 3215 498 3273 videmus
522 3217 557 3274 ad
584 3216 646 3274 Aa.
671 3215 707 3291 V,
734 3218 783 3287 10,
807 3218 841 3273 4:
869 3234 921 3273 aee
949 3217 1061 3274 termule
1091 3205 1220 3288 uuquam
1243 3218 1376 3274 tamdiu

195 3306 318 3376 ipuarus
349 3323 448 3362 rerum
477 3322 609 3362 utrarum
642 3305 711 3377 fui,
745 3306 814 3376 quiet
844 3306 878 3362 010
911 3303 1056 3370 Caesaris,
1088 3305 1157 3376 quial
1190 3306 1224 3362 cle
1253 3305 1376 3362 Milonis

196 3395 358 3452 uomiuibus
387 3398 483 3450 aetum
510 3395 572 3459 sit,
599 3393 687 3451 facile
716 3394 758 3450 ita
787 3393 962 3450 emendatur
991 3393 1026 3450 ad
1056 3397 1249 3468 nostramque
1278 3394 1376 3469 legem

141 3477 145 3495 ¹
195 3474 371 3553 revocatur:
399 3485 433 3539 ut
464 3485 533 3557 post
566 3483 620 3554 tul.
644 3482 851 3556 interponatur
882 3486 914 3539 ut
941 3484 1077 3540 nesciam.
1130 3481 1191 3540 Nee
1220 3500 1288 3540 vero
1317 3501 1377 3540 nou

196 3570 359 3644 probabilis
383 3571 456 3628 haec
481 3575 527 3628 est
552 3570 729 3630 coniectura.
767 3570 845 3628 Nam
873 3589 892 3628 a
915 3589 986 3628 voce
1011 3573 1133 3644 igmarus
1155 3571 1266 3644 pendet
1288 3589 1376 3645 gene-

199 3659 279 3716 tivus
302 3677 399 3717 rerum
422 3677 567 3725 mearum,
591 3662 626 3716 ut
648 3660 776 3717 atterum
800 3660 949 3718 obiectum
974 3658 1024 3718 vix
1047 3659 1201 3717 serendum
1228 3660 1276 3719 sit.
1322 3659 1377 3718 Lo-

269 3865 294 3932 1)
312 3863 387 3918 Liev.
407 3863 425 3920 l.
445 3880 468 3916 o.
487 3881 514 3932 p.
536 3870 576 3919 16.
597 3864 667 3917 cont.
688 3864 802 3918 Andres.
840 3863 858 3916 l.
879 3882 900 3919 e.
922 3882 948 3933 p.
969 3870 1030 3918 367.

267 3939 294 4000 2)
314 3933 438 3988 Observa
457 3951 609 4002 pronomen
629 3953 660 3988 eu
680 3937 709 3988 et
727 3935 798 3990 conf.
819 3953 845 4002 p.
867 3941 908 3988 17.
927 3936 984 3989 not.
1005 3940 1030 3987 2.

268 4009 295 4070 3)
315 4004 470 4073 Draegerus
495 4007 524 4072 (l.
542 4023 565 4059 e.
580 4023 607 4074 p.
626 4009 698 4074 219),
725 4022 787 4059 cum
811 4006 846 4058 de
870 4005 938 4060 loeis
958 4005 1034 4059 Verr.
1055 4006 1089 4072 II,
1110 4011 1134 4068 1,
1154 4010 1188 4057 80
1207 4006 1237 4057 01
1255 4004 1291 4058 ad
1310 4004 1376 4058 sam.

195 4077 228 4144 V,
249 4079 273 4144 8,
296 4083 308 4129 1
330 4074 368 4128 sie
391 4076 529 4144 disputat:
555 4077 595 4129 Iu
620 4078 673 4130 deu
696 4078 791 4131 11011100
813 4079 936 4130 1010100010
956 4075 1057 4129 Stelleu
1074 4076 1200 4142 magelle
1223 4074 1375 4128 Voraustel·

196 4150 263 4215 lurp
291 4148 337 4200 (10.1
363 4146 543 4200 Neleucatres
571 4149 676 4201 rweiter
701 4148 794 4202 Classe
820 4151 873 4201 deu
900 4146 978 4212 conj.
1001 4147 1072 4214 perf.
1101 4146 1253 4199 ceramacst
1280 4146 1374 4213 habui,

194 4216 1374 4355 11111100101111001111101101111111

196 4368 220 4426 3,
241 4367 273 4413 41
294 4362 323 4413 01
342 4358 396 4413 Cic.
416 4360 494 4414 Vera.
514 4360 548 4426 ll,
568 4367 592 4427 1,
617 4367 650 4414 lo
676 4362 745 4414 haee
764 4309 843 4414 (110111
870 4360 912 4412 Es
935 4362 970 4412 ist
994 4330 1239 4423 bertierlreusmertlt,
1262 4329 1376 4414 classici

197 4433 249 4484 deu
272 4431 366 4485 beiden
395 4429 495 4484 Stelleu
522 4432 573 4484 aas
600 4432 753 4500 replereude
782 4431 898 4484 Verbum
922 4435 974 4484 crst
998 4430 1151 4497 maeltolpt,
1175 4429 1234 4482 arua
1257 4430 1321 4483 eben
1344 4430 1376 4481 iu

197 4503 294 4555 diesem
326 4502 429 4554 seleiul
461 4503 514 4554 mir
542 4503 586 4555 elie
620 4503 804 4571 Abweieluup
836 4518 871 4556 ru
903 4503 1001 4569 liepeu,
1039 4501 1115 4554 uiclt
1152 4502 1184 4553 ia
1227 4499 1285 4553 dem
1317 4516 1375 4554 uor-

197 4573 377 4641 lerpeleudeu
397 4572 475 4637 (louj.

1122 4659 1158 4712 ἓ*
