3366 5266
769 335 834 425 ’“-
881 378 924 441 te
974 413 1008 424 -

316 559 422 611 caum,
446 546 514 615 quia
537 544 613 601 uitae
634 544 858 601 commotionem
884 543 1037 609 liaberet,
1063 546 1224 602 convicium
1253 546 1492 604 uomiuaruut.
1573 579 1582 590 κ

316 631 403 690 Tusa.
420 632 456 704 V,
473 633 549 690 105:
571 630 666 704 Quid?
684 628 828 690 Aristides
844 663 880 671 -
898 633 975 690 mato
994 634 1070 690 euim
1085 629 1267 691 Graecarum
1284 651 1373 705 quam
1389 638 1493 692 uestra

314 721 447 794 proferre
463 751 500 759 -
516 737 610 778 uouue
623 721 657 778 ob
677 737 740 778 eam
759 737 880 779 causam
899 722 1065 794 capulsus
1084 725 1136 778 cst
1149 724 1262 795 patria,
1282 723 1358 794 quod
1370 727 1492 794 praeter

315 810 432 868 uadum
458 811 552 868 iustus
584 809 691 866 esset?
740 809 778 866 ad
805 808 870 867 Aet.
900 808 939 882 II,
970 814 1000 868 1:
1033 809 1140 868 Paetus
1167 828 1264 869 omues
1291 811 1392 877 libros,
1421 827 1492 883 quos

316 899 409 970 frater
431 915 503 956 suus
524 898 745 970 reliquisset,
768 898 839 956 mitti
861 899 1015 956 donauit.
1061 898 1098 956 de
1117 898 1164 956 off.
1182 897 1236 969 III,
1259 900 1335 957 112:
1360 897 1490 958 Crimi-

315 988 469 1045 uabatur
492 989 586 1052 etiam,
610 987 685 1058 quod
705 986 801 1044 Titum
823 987 926 1058 pilium,
950 989 1000 1058 qui
1016 991 1120 1062 postea
1143 991 1184 1045 cst
1203 987 1368 1060 Torquatus
1390 990 1490 1061 appel-

316 1077 401 1142 latus,
424 1077 461 1134 ab
483 1075 646 1134 homiuibus
667 1075 862 1148 relcqasset
884 1079 910 1132 et
931 1078 997 1133 ruri
1018 1076 1149 1134 habitare
1172 1078 1345 1134 iussisset.
1393 1077 1429 1134 de
1448 1097 1491 1138 or.

315 1163 369 1236 III,
385 1166 441 1222 52:
464 1163 556 1221 N'emo
571 1165 647 1221 euim
663 1181 794 1236 cuiquam
816 1169 865 1222 est
887 1168 1037 1231 oratorem,
1057 1165 1131 1236 quod
1149 1165 1256 1221 Latius
1275 1165 1490 1236 loqueretur,

317 1254 590 1311 admiratus...
609 1251 700 1310 Neruo
732 1253 857 1310 ontulit
886 1271 950 1310 cum
977 1253 1082 1318 omlis,
1111 1255 1160 1324 qui
1186 1255 1230 1310 ita
1258 1254 1424 1321 dixisset,
1458 1259 1492 1312 ut

316 1344 365 1412 qui
379 1342 517 1407 adessent,
535 1341 733 1413 iutelleqerout,
748 1343 817 1413 quid
835 1343 945 1407 diceret,
960 1343 1011 1400 sed
1024 1344 1231 1414 contempsit
1244 1360 1317 1408 eum,
1331 1345 1381 1414 qui
1394 1345 1492 1402 miuus

316 1431 347 1490 id
369 1430 465 1502 facere
481 1432 666 1502 patuisset.
704 1428 790 1488 Tusa.
804 1429 828 1502 I,
845 1434 877 1489 7:
900 1420 989 1489 Hauc
1007 1433 1083 1488 euim
1100 1431 1261 1503 perfectam
1277 1431 1492 1503 philosrptriam

316 1536 426 1592 semper
456 1519 626 1584 iudicari,
659 1535 733 1589 quac
760 1519 794 1576 de
822 1521 959 1577 maaimis
990 1521 1202 1591 quaestiouibus
1234 1521 1345 1591 copiose
1369 1525 1493 1592 posset

316 1611 469 1679 oruatequc
496 1607 596 1664 dicere.
642 1607 678 1664 de
702 1607 749 1665 oti.
773 1605 796 1681 I,
822 1609 898 1666 126:
934 1607 1071 1680 Corporis
1097 1610 1189 1666 uestri
1215 1625 1354 1681 maquam
1381 1613 1492 1666 uatura

315 1699 383 1769 ipsa
404 1697 517 1754 uidetur
547 1696 681 1754 tabuisse
707 1698 862 1763 rationem,
891 1714 964 1768 quac
990 1697 1117 1769 smmum
1144 1701 1274 1756 uestram
1296 1698 1493 1770 reliquamque

315 1787 451 1857 dquram,
475 1786 507 1842 iu
530 1802 588 1856 qua
611 1788 699 1842 esset
720 1787 826 1857 species
843 1785 969 1851 homesta,
993 1802 1056 1843 eam
1065 1786 1187 1858 posuit
1200 1788 1233 1843 iu
1246 1790 1395 1858 promptu,
1419 1803 1493 1858 quac

315 1877 414 1946 partes
428 1878 522 1931 autea
545 1875 674 1947 carparis
693 1874 732 1931 ad
749 1877 873 1932 uaturae
890 1875 1083 1932 uecessitatem
1101 1874 1187 1932 datae
1210 1878 1355 1946 aspectum
1378 1879 1494 1932 esseut

316 1962 471 2034 deformem
484 1962 636 2020 totumue
649 1966 733 2034 atque
746 1963 870 2034 foedum,
892 1980 941 2021 eas
955 1964 1105 2020 couteuit
1125 1967 1209 2034 atque
1227 1961 1373 2021 abdidit.
1411 1963 1490 2020 Nam

316 2055 386 2108 essct
414 2053 445 2108 et
472 2055 562 2108 esseut
585 2051 741 2109 'habiturae
769 2070 803 2108 ex
830 2054 931 2110 mente
957 2053 1097 2124 naturae,
1126 2054 1160 2108 ut
1183 2053 1236 2108 ita
1254 2051 1363 2123 dicum,
1392 2051 1491 2126 posita

316 2141 395 2198 sunt.
426 2170 464 2179 —
495 2136 547 2196 Sin
575 2141 677 2196 autem
706 2140 873 2214 perfectum
899 2140 1030 2214 logicum
1057 2139 1210 2214 praesenti
1238 2139 1349 2198 mutari
1381 2143 1491 2217 potest,

315 2245 457 2304 praesens
490 2228 539 2287 vei
570 2227 737 2303 perfectum
769 2230 940 2304 usurpatur.
991 2226 1074 2286 Conf.
1099 2228 1182 2287 Brut.
1210 2231 1285 2287 137:
1318 2229 1384 2286 Est
1416 2232 1493 2286 euim

315 2318 534 2390 propositum
557 2318 687 2390 colliqcre
710 2335 768 2383 eos,
792 2319 842 2390 qui
864 2317 915 2374 trac
940 2334 1059 2375 muuere
1086 2319 1117 2375 iu
1148 2319 1260 2374 ciuitate
1286 2318 1379 2389 suucti
1405 2320 1492 2384 siut,

314 2410 348 2463 ut
369 2409 494 2463 tmereut
516 2409 664 2463 oratorum
687 2407 786 2464 locum.

403 2493 504 2568 Atque
533 2494 611 2570 quod
639 2494 673 2552 fit
699 2495 730 2552 iu
753 2494 870 2569 reliqua
893 2493 1026 2553 oratione
1055 2494 1190 2569 obliqua,
1217 2498 1264 2565 ut,
1293 2513 1352 2569 quo
1381 2494 1491 2554 clarius

316 2582 466 2640 sententia
494 2583 581 2658 quasi
614 2584 670 2641 sub
698 2583 799 2642 oeulos
828 2582 1037 2656 admoveatur,
1068 2601 1210 2659 praeseus
1240 2583 1292 2641 uel
1325 2583 1492 2658 perfectum

315 2675 384 2746 post
405 2672 570 2745 praeterita
592 2672 636 2730 ita
657 2671 840 2744 inveniatur,
867 2677 902 2730 ut
926 2672 1001 2744 eiua,
1030 2672 1082 2747 qni
1104 2672 1251 2746 loquitur,
1280 2689 1341 2729 uon
1365 2671 1492 2730 subiecti

315 2759 451 2834 primarii
479 2764 664 2835 proponatur
690 2760 846 2835 cogitatio,
873 2760 952 2818 idem
981 2761 1013 2818 in
1039 2760 1210 2820 huiusmodi
1237 2760 1399 2818 enuntiatis
1427 2760 1494 2819 fieri

315 2851 424 2922 potest.
471 2846 580 2906 Confer
603 2849 638 2907 de
657 2868 719 2925 rep.
738 2847 791 2922 III,
814 2852 867 2907 10:
891 2849 1018 2907 Plurimi
1041 2851 1154 2921 pridem
1171 2850 1418 2922 philosophorum,
1442 2851 1493 2908 scd

315 2939 440 2995 marimo
453 2936 539 2996 Plato
566 2942 591 2996 et
613 2936 794 3005 Aristoteles,
822 2939 857 2996 de
885 2941 995 2996 iustitia
1021 2939 1114 2996 multa
1141 2939 1308 2996 diueruut
1335 2943 1493 2997 asscreutcs

316 3030 341 3083 ct
359 3026 519 3084 eutolleutes
533 3042 597 3084 cam
614 3023 729 3085 summm
748 3027 833 3085 laudo
851 3029 992 3093 uirtutem,
1012 3029 1088 3098 quod
1105 3045 1191 3085 suum
1210 3029 1310 3099 cuique
1334 3029 1491 3094 tribuat,

316 3115 391 3187 quod
418 3116 588 3186 aequitatem
613 3118 646 3173 iu
672 3117 804 3174 omuibus
830 3120 944 3174 seruet
972 3120 1009 3183 ct,
1037 3133 1102 3173 eum
1129 3120 1235 3173 ceterae
1261 3117 1381 3173 uirtutes
1407 3119 1493 3188 quasi

316 3205 420 3261 tacitae
452 3205 524 3261 siut
553 3208 579 3261 et
604 3207 683 3262 tutus
709 3206 852 3271 iuclusac,
879 3205 973 3262 solam
1000 3221 1059 3262 csse
1081 3206 1234 3270 iustitiam,
1262 3221 1336 3275 quac
1361 3221 1414 3262 uec
1435 3205 1492 3262 siti

316 3295 428 3350 tautum
452 3292 604 3351 couciliata
626 3295 673 3350 sit
698 3311 750 3350 uec
773 3295 891 3360 occulta,
914 3294 965 3351 sed
987 3294 1151 3365 forestata
1173 3295 1378 3365 promtueat
1405 3297 1431 3350 et
1453 3294 1493 3351 ad

316 3382 385 3438 boue
402 3381 568 3453 facieudum
586 3399 685 3455 praua
707 3384 766 3448 sil,
792 3386 826 3439 ut
847 3383 1091 3454 quamplurimis
1112 3383 1238 3453 prosit.
1284 3380 1349 3440 Hoc
1372 3381 1492 3456 quidem

314 3469 379 3527 loco
402 3467 545 3528 facillima
566 3469 627 3528 fuit
648 3469 895 3545 repraesentatio,
919 3473 1078 3546 propterea
1101 3469 1180 3544 quod
1208 3487 1256 3545 ea,
1289 3487 1365 3543 quae
1397 3469 1492 3544 philo-

316 3557 402 3632 sophi
423 3557 470 3615 illi
492 3557 645 3632 dixerunt,
673 3559 831 3617 etiamtum
852 3559 1046 3634 legebantur,
1070 3578 1137 3617 curn
1161 3556 1263 3616 Cicero
1288 3558 1419 3632 scripsit,
1447 3559 1492 3616 ita

315 3649 351 3708 ut
373 3645 464 3707 etiam
492 3665 633 3723 praesens
663 3649 762 3706 dieuut
786 3647 857 3722 poni
884 3647 1024 3722 potuerit.
1070 3667 1098 3722 p.
1123 3645 1200 3705 Tull.
1225 3648 1281 3705 38:
1312 3649 1381 3719 quid
1408 3650 1491 3706 atti·

315 3737 394 3797 uuit
425 3740 450 3794 te
477 3739 537 3794 tam
566 3737 664 3794 multis
691 3738 786 3794 uerbis
808 3740 981 3809 apraetorc
1002 3737 1168 3809 postulare,
1194 3739 1228 3792 ut
1254 3735 1372 3794 adderet
1393 3737 1425 3793 iu
1447 3739 1492 3794 iu-

316 3825 423 3883 dioium
446 3817 621 3891 ‘iuiuria',
645 3828 671 3882 et
693 3827 762 3897 quta
783 3841 843 3883 uou
864 3827 1056 3898 impetrasses,
1080 3826 1209 3883 triburias
1226 3824 1321 3896 plebis
1334 3825 1490 3898 appellare,

316 3918 343 3970 et
374 3913 420 3971 lic
448 3915 480 3971 iu
507 3914 612 3974 iudicio
640 3916 721 3985 queri
738 3915 885 3986 praetoris
911 3915 1104 3985 imquitatem,
1132 3914 1207 3985 quad
1234 3913 1268 3970 de
1294 3914 1406 3972 latur-ia
1432 3930 1491 3971 uou

316 4002 517 4060 iactaque
562 4002 614 4062 un
640 4001 810 4077 Madvigius
842 4001 971 4061 mutam
997 3985 1208 4060 tauream.
1254 4001 1290 4059 ee
1319 4004 1379 4059 nu.
1409 4002 1490 4061 seor.

315 4089 339 4163 I,
365 4093 418 4149 77:
450 4088 609 4149 Accessit
641 4093 727 4149 etiam
753 4093 810 4149 ista
837 4093 933 4164 opiuio
962 4091 1098 4164 fortasse,
1131 4091 1206 4162 quod
1239 4089 1348 4148 lumiui
1379 4090 1491 4166 tcomiuc

314 4178 388 4238 uilil
411 4179 565 4251 pulchrius
596 4180 767 4239 uideatur.
820 4178 1040 4238 Schoemannus
1073 4177 1169 4254 primo
1201 4179 1354 4245 uidetur,
1385 4182 1491 4254 postea

315 4267 502 4327 uidebatur
534 4267 662 4344 scripsit.
712 4267 754 4326 At
778 4266 965 4328 coniunctivo
997 4285 1070 4325 usus
1099 4269 1146 4325 est
1174 4265 1290 4341 Cicero,
1324 4266 1402 4341 quod
1430 4266 1491 4342 opi·

316 4354 434 4415 nionem
456 4355 540 4414 illam
563 4376 623 4416 non
650 4358 685 4414 ut
713 4375 827 4432 veram,
861 4355 913 4415 sed
940 4364 975 4415 ut
1003 4356 1166 4430 cogitatam
1192 4355 1298 4427 refert,
1329 4354 1490 4430 praesenti,

316 4444 395 4520 quod
418 4463 484 4504 eam
503 4445 724 4521 cogitationem,
746 4464 807 4504 non
829 4447 863 4503 ut
887 4464 998 4517 eorum,
1017 4443 1069 4520 qui
1092 4445 1300 4519 opinabantur,
1323 4447 1490 4519 poetarum,

315 4532 471 4608 pictorum,
494 4533 642 4610 opificum,
666 4533 717 4593 sed
739 4536 775 4592 ut
798 4552 891 4607 suam,
916 4552 974 4608 quo
997 4532 1105 4592 melius
1128 4535 1419 4608 repraesentaretur,
1442 4550 1491 4590 ex·
