3366 5266
736 335 980 412 '-4o-

282 516 315 574 P.
335 516 500 590 Quinctium
530 515 674 576 absentem
702 517 765 572 sine
789 532 884 574 causa
907 471 1009 587 fasne
1027 517 1177 571 conetur.
1214 512 1252 568 ad
1272 511 1334 570 Att.
1354 511 1405 585 IV,
1426 514 1459 569 3:

284 605 419 662 Metellus
436 605 614 677 postulat,
636 609 669 662 nl
691 605 747 662 sibi
763 609 880 677 postero
903 604 949 661 die
973 605 1005 660 in
1025 604 1091 676 toro
1114 603 1365 671 obnuntictnr,·
1388 601 1461 659 nihil

255 677 260 692 ⁸
285 711 353 760 esse,
377 694 506 766 quadiu
530 711 664 765 canqmm
685 697 765 750 nocte
786 695 980 752 ueniretur.
989 681 1014 772 ¹)

375 799 477 857 Etiam
496 817 562 858 cum
582 817 617 857 eo
640 799 799 875 praesenti,
824 798 903 874 quod
922 799 960 856 ad
978 798 1060 856 dicta
1081 798 1130 856 vel
1152 796 1262 855 iudicia
1281 791 1460 872 scriptorum

287 891 318 948 ct
335 887 582 963 philosophorum
596 890 761 963 usurpatur
775 887 1036 963 reddenda'nullc
1055 885 1273 945 sentent-iarum
1291 886 1460 956 discrimine

284 981 349 1036 tam
371 977 547 1052 imperfecta
569 978 618 1037 vel
636 977 930 1052 plusquamperfecta
953 995 1042 1050 quam
1060 975 1229 1050 praesentia
1257 975 1307 1034 vel
1328 976 1461 1050 perfecta
1507 969 1509 974 ’

286 1066 515 1141 coniunguntur.
571 1064 655 1124 Cous.
688 1065 724 1123 de
764 1068 826 1123 nat.
859 1065 939 1124 deor.
971 1065 998 1136 Ι,
1037 1067 1092 1124 4οε
1129 1065 1267 1136 Idemque
1303 1067 1462 1137 disputat

286 1155 403 1214 aethera
426 1173 485 1213 esse
508 1171 581 1221 eum,
604 1173 687 1228 quem
703 1155 808 1213 Jeoem
826 1155 1070 1227 appellarent:
1092 1155 1195 1225 quique
1217 1171 1269 1212 aer
1285 1171 1342 1226 per
1363 1155 1461 1212 moria

286 1248 465 1310 manaret,
498 1261 563 1301 cum
595 1262 655 1302 esse
682 1243 850 1316 Neplanmu
885 1248 1047 1314 terramque
1075 1259 1138 1300 eam
1171 1259 1242 1308 csse,
1275 1259 1348 1314 quae
1376 1239 1462 1299 Ceres

287 1333 475 1392 diceretur.
508 1333 544 1390 de
563 1327 611 1391 off.
627 1331 651 1403 I,
667 1335 723 1391 87:
746 1332 919 1390 Miserrima
938 1335 978 1389 cst
995 1332 1111 1390 omnim
1129 1331 1247 1388 ambitio
1268 1331 1462 1402 honorumque

289 1423 444 1487 contentio,
473 1421 507 1478 de
535 1439 593 1493 qua
614 1422 769 1492 praeclare
801 1422 882 1493 apud
910 1422 1029 1478 eundem
1060 1423 1110 1477 est
1136 1419 1299 1485 Platonem,
1331 1421 1464 1478 similiter

286 1511 383 1583 facem
416 1527 475 1575 eos,
512 1513 562 1582 qni
589 1512 665 1567 inter
691 1527 721 1567 sc
749 1511 1008 1573 contenderent,
1040 1512 1105 1566 uter
1126 1510 1226 1580 potius
1256 1509 1463 1581 rempublicam

289 1599 522 1679 administraret,
545 1602 578 1655 nt
599 1600 625 1656 si
652 1603 760 1656 nautae
783 1602 932 1663 certarent,
956 1599 1020 1670 qais
1043 1615 1141 1654 eorum
1157 1599 1341 1669 potissimum
1362 1599 1463 1670 puber-

287 1686 384 1746 noret.
426 1686 491 1744 Hoc
512 1686 576 1744 loco
596 1684 727 1744 Orellius
751 1687 909 1744 lectionem
933 1685 1114 1744 deteriorum
1138 1684 1271 1744 codicum
1294 1687 1464 1744 contaedeat

288 1779 319 1834 et
354 1776 535 1834 administret
567 1774 746 1847 reiecitet,
786 1775 864 1850 quod
893 1774 1110 1850 antiquissimis
1143 1774 1335 1833 confirmetur
1368 1774 1463 1846 libris,

288 1863 418 1938 scripsit.
442 1863 480 1921 de
503 1882 544 1921 or.
568 1864 627 1936 III,
658 1867 733 1922 129:
761 1864 820 1921 Hic
849 1866 880 1922 in
908 1865 957 1922 illo
980 1866 1042 1936 ipso
1065 1863 1198 1921 Platonis
1225 1865 1297 1921 libro
1325 1865 1360 1921 de
1386 1865 1464 1921 omni

287 1971 333 2020 re,
367 1969 550 2024 quaecamque
581 1955 613 2010 in
647 1954 877 2030 disceptationem
909 1955 1154 2025 quaestionemque
1193 1956 1394 2018 uocaretur,
1435 1969 1465 2010 se

289 2043 483 2114 copiosissime
509 2042 655 2100 dicturum
682 2059 741 2099 csse
768 2042 975 2114 profitetur.
1020 2041 1056 2099 de
1083 2039 1133 2099 fin.
1162 2040 1204 2113 ΙΙ,
1238 2042 1293 2099 34;
1321 2043 1396 2113 quod
1422 2043 1464 2098 ita

288 2133 585 2202 interpretantur,
608 2131 704 2188 cinere
722 2148 786 2188 cum
804 2129 995 2203 intelleqeatia
1014 2147 1114 2187 carum
1132 2147 1239 2195 rerum,
1263 2147 1337 2201 qnae
1354 2134 1465 2188 notura

290 2221 485 2286 euenirent,
509 2220 657 2292 cliqentem
680 2237 728 2286 ca,
752 2237 825 2291 qaae
848 2223 962 2277 essent
983 2220 1139 2278 secundam
1161 2222 1313 2284 naturam,
1337 2221 1465 2284 reiieien-

290 2313 399 2380 temque
432 2310 594 2374 contraria,
627 2307 681 2364 ubi
709 2307 866 2366 Ernestius
895 2307 957 2382 legi
984 2307 1081 2366 voluit
1115 2298 1288 2385 auron-tt)
1340 2307 1376 2364 de
1404 2309 1464 2364 nat.

290 2397 369 2454 deor.
398 2396 426 2472 Ι,
459 2399 513 2454 12:
536 2397 586 2454 Ee
613 2415 668 2468 quo
698 2399 840 2456 easistit
871 2398 954 2462 illud,
984 2397 1077 2454 multa
1100 2413 1159 2454 esse
1181 2397 1363 2468 probabilia,
1392 2413 1466 2478 quae

290 2503 466 2558 quamquam
504 2503 562 2542 non
584 2488 889 2558 perciperentur,
931 2489 1025 2543 tamen
1061 2487 1131 2557 quia
1166 2487 1260 2542 cisum
1299 2485 1466 2543 haberent

291 2576 433 2646 quendam
455 2576 597 2647 insiqnem
620 2579 645 2631 ct
667 2576 816 2640 illustrem,
844 2577 882 2632 iis
909 2576 1048 2646 sapientis
1070 2575 1131 2631 aila
1161 2577 1354 2646 reperetur.
1401 2571 1465 2640 Quo

290 2663 355 2721 loeo
370 2658 592 2720 Sehoemannus
613 2666 643 2720 et
664 2663 802 2721 Baiterus
817 2661 1022 2721 Heindorfium
1042 2662 1136 2720 secuti
1156 2661 1340 2736 seripserunt
1363 2664 1467 2720 easti-

291 2753 352 2821 lit,·
387 2751 439 2809 scd
462 2750 719 2825 interpretandum
748 2754 806 2810 est:
838 2755 946 2813 exsistit
967 2752 1055 2817 illud,
1078 2752 1153 2823 qnod
1175 2748 1343 2808 Academici
1369 2752 1468 2809 diamt

293 2832 359 2919 (vel¹
381 2831 568 2918 dicerunt).³)
614 2839 691 2897 Item
715 2839 751 2898 de
779 2839 828 2898 fin.
851 2839 911 2912 III,
943 2843 981 2898 71
1012 2842 1082 2914 post
1108 2835 1272 2912 defenditur
1302 2841 1467 2914 sequuntur

172 2957 175 2964 ,
293 2928 477 3003 imperfecta.
525 2927 635 2987 Confer
657 2933 813 3003 praeterea
836 2928 873 2987 dc
896 2948 938 2987 or.
961 2928 1020 3002 III,
1045 2930 1118 2986 221.
1142 2948 1170 3002 p.
1190 2927 1291 2986 Scaur.
1315 2929 1344 2986 5.
1368 2928 1420 2986 Ac.
1443 2928 1466 3000 I,

296 3019 346 3076 eo.
370 3017 458 3076 ruso.
482 3017 522 3090 v,
548 3020 616 3075 αα·

385 3123 609 3198 Nonnunquam
628 3123 666 3180 ab
686 3123 782 3182 altero
801 3126 935 3199 tempore
953 3124 991 3182 ad
1010 3125 1139 3181 alterum
1158 3121 1313 3182 transitur.
1360 3122 1469 3182 Confer

295 3211 332 3270 dc
350 3211 400 3270 fin.
420 3212 475 3287 III,
496 3215 551 3271 67:
570 3212 726 3270 Praeclare
745 3215 820 3270 enim
836 3212 1025 3286 Chrysippus,
1044 3217 1136 3270 cetere
1154 3217 1226 3270 nata
1245 3230 1304 3270 esse
1321 3212 1469 3270 hominum

297 3318 387 3360 eausa
406 3305 432 3359 et
450 3302 578 3368 deorum,
603 3305 764 3359 casualem
783 3301 995 3360 communitatis
1014 3306 1040 3358 et
1057 3303 1198 3360 societatis
1217 3319 1296 3368 snae,
1318 3306 1352 3358 ut
1373 3303 1469 3360 bestiis

293 3389 421 3448 homines
450 3392 494 3448 uti
526 3390 565 3449 ad
592 3390 745 3448 utilitatem
767 3408 852 3448 mam
874 3393 1016 3462 possint
1037 3393 1099 3448 sine
1121 3391 1250 3459 iniuria·
1278 3391 1469 3462 quoniamque

295 3496 329 3536 ea
351 3484 461 3537 natura
485 3481 578 3538 esset
600 3479 732 3545 hominis,
755 3483 788 3536 ut
807 3481 832 3536 ci
854 3497 919 3536 eum
939 3497 1041 3552 ponere
1063 3479 1188 3536 tiuuuuo
1212 3481 1296 3550 quasi
1318 3479 1400 3536 ciuile
1422 3481 1469 3537 ius

296 3558 491 3633 intercederet,
515 3569 564 3640 qui
587 3567 619 3625 id
641 3572 830 3634 conservaret,
855 3570 1061 3633 caminetum,
1085 3569 1135 3639 qui
1156 3568 1305 3640 miqraret,
1329 3569 1470 3626 iniustam

296 3647 401 3734 toret)
433 3656 472 3713 ib.
495 3655 534 3730 il,
560 3657 615 3713 21:
639 3656 732 3728 quue
750 3657 777 3714 si
794 3658 837 3715 ita
855 3658 943 3714 dicit
961 3655 1145 3730 (Epicurus),
1168 3673 1227 3713 non
1245 3673 1304 3714 esse
1321 3657 1469 3728 reprehen-

295 3745 402 3804 dendos
431 3746 607 3810 luxuriosos,
637 3746 663 3802 si
689 3747 832 3816 sapientes
858 3745 946 3811 sint,
974 3746 1044 3803 dicit
1071 3745 1208 3814 abnerde,
1236 3745 1369 3802 similiter
1392 3749 1418 3802 et
1444 3746 1471 3803 si

295 3833 385 3899 dieat,
412 3851 471 3890 non
499 3833 744 3906 reprehendendos
770 3835 956 3905 parricidas,
984 3837 1010 3892 si
1037 3851 1089 3891 aec
1119 3834 1216 3906 cupidi
1242 3835 1300 3890 sint
1325 3851 1389 3892 nec·
1404 3835 1470 3892 deos

296 3925 424 3980 metuant
447 3937 497 3980 nee
519 3926 639 3980 mortun
661 3939 713 3979 nee
736 3922 869 3980 dolorem.
915 3923 957 3981 Et
980 3927 1076 3981 tamon
1098 3924 1168 3994 quid
1190 3924 1291 3980 attinet
1312 3923 1471 3980 lunariosis

295 4011 387 4068 ullam
402 4013 589 4083 acceptionem
603 4011 671 4068 dari
685 4014 737 4069 ant
748 4014 856 4083 stupere
866 4013 985 4084 aliquos,
1001 4013 1051 4084 qni
1065 4029 1129 4069 cunc
1139 4012 1285 4070 luxuriose
1298 4013 1469 4076 eicerent,

296 4116 316 4156 a
338 4116 450 4158 smmno
472 4099 642 4172 philosopho
668 4115 727 4158 non
754 4101 1096 4172 reprehenderentur
1119 4117 1149 4158 eo
1171 4101 1287 4158 nomme
1309 4099 1469 4164 dumtaaat,

370 4306 395 4372 1)
414 4303 501 4358 Plura
518 4303 644 4358 invenies
664 4304 738 4375 apud
757 4303 886 4358 Bassium
904 4304 923 4358 l.
943 4321 966 4358 c.
985 4304 1007 4357 I.
1026 4321 1052 4372 p.
1073 4310 1096 4361 7.
1116 4306 1145 4358 et
1163 4310 1205 4359 10.

369 4377 396 4443 2)
414 4376 448 4432 cf.
468 4374 599 4430 Districh.
619 4375 637 4429 l.
658 4392 680 4432 c.
700 4393 726 4444 p.
748 4381 790 4430 23.
818 4373 922 4444 Reisig.
941 4393 968 4443 p.
989 4381 1048 4430 593.

369 4453 395 4512 3)
414 4446 448 4500 cf.
469 4446 555 4501 Dietr.
575 4446 592 4500 l.
612 4463 635 4501 c.
655 4465 681 4516 p.
702 4453 726 4501 9.

369 4521 396 4588 4)
416 4518 450 4574 ct.
469 4516 591 4587 Madvig.
611 4517 693 4572 adh.
713 4517 731 4571 l.
750 4533 777 4585 p.
798 4521 857 4570 459.
