3366 5266
684 375 902 438 -41-

208 547 299 602 cetera
318 546 493 602 eauererrt.
535 541 622 598 Tusa
642 541 694 616 IV,
714 542 768 599 46:
789 541 929 612 Reliquas
948 555 1056 612 quaque
1070 542 1172 611 partes
1190 539 1399 610 uepritudiuis·

207 633 291 690 utiles
319 649 377 690 esse
404 632 526 690 dieuut
554 628 763 702 (Peripatetici)
791 673 799 688 .
823 675 830 689 .
855 671 861 686 .
886 674 893 687 .
921 631 1016 702 ipsum
1044 628 1118 685 illud
1145 628 1302 692 aemulari,
1334 628 1380 684 oo-

208 725 329 778 treetare
351 737 409 778 uou
433 737 493 777 esse
514 720 629 784 iuutile,
661 737 726 776 eum
748 723 800 776 aut
822 735 852 776 se
874 733 933 776 mou
956 718 1032 775 idem
1059 717 1180 774 uideat
1202 719 1381 772 couseeutum

142 857 145 860 .
208 811 283 882 quod
302 810 393 866 alium
407 811 459 866 aut
472 809 563 865 alium
581 809 656 865 idem
675 809 749 879 quad
767 825 812 876 se,·
836 810 941 864 metum
960 823 1026 863 uero
1044 807 1070 862 si
1089 807 1139 876 qui
1161 805 1380 869 sustulisset,

208 916 319 956 omreem
341 900 416 955 uitae
439 897 617 968 diliqmtiam
639 897 784 954 sublatam
810 897 888 968 fore,
917 913 990 967 quae
1017 911 1131 951 summa
1161 896 1250 952 esset
1276 895 1309 950 iu
1332 893 1380 958 eis,

209 989 258 1060 qui
271 987 352 1059 leqes,
366 987 415 1058 qui
424 987 621 1058 mupistratus,
636 987 685 1057 qui
693 989 904 1058 paupertatem,
919 985 969 1056 qui
982 984 1180 1056 ipuomiuiam,
1196 983 1245 1053 qui
1254 985 1380 1047 mortem,

208 1077 258 1148 qui
281 1076 406 1133 datorem
428 1077 602 1133 timereut.
647 1072 723 1130 Vide
746 1076 903 1150 praeterea
934 1071 971 1130 de
998 1074 1059 1129 nat.
1083 1070 1163 1130 deor.
1185 1069 1214 1140 Ι,
1243 1061 1318 1146 39¹)
1352 1076 1383 1127 et

198 1165 245 1222 ,de
268 1163 318 1222 fin.
341 1163 393 1234 IV,
419 1163 469 1234 58,
493 1162 545 1219 ubi
568 1165 635 1237 post
658 1163 757 1221 dicuat
776 1157 892 1234 (Stoici)
916 1161 1049 1240 primum·
1064 1160 1236 1235 praeseutia
1255 1177 1382 1233 sequun-

208 1257 258 1311 tur
282 1252 436 1323 (uideatur,
460 1253 528 1317 siat,
553 1250 624 1324 eet),
647 1253 714 1309 tum
733 1249 761 1325 ξ.
781 1252 822 1310 59
843 1251 881 1336 pd
900 1249 1106 1324 imperfectum
1124 1245 1271 1306 transitur
1295 1245 1383 1320 (quod

208 1343 355 1400 teuestum
390 1341 487 1412 essct),
522 1339 628 1398 deinde
662 1339 700 1397 ad
729 1359 870 1415 praesens
905 1337 1020 1396 reditur
1056 1335 1095 1408 (si
1122 1338 1275 1410 preposita
1301 1336 1381 1409 siut),

209 1434 361 1505 postremo
385 1429 495 1486 iterum
518 1429 726 1504 imperfectum
750 1428 909 1487 adhibetur
933 1427 1071 1500 (essemus
1092 1416 1246 1504 arualdi)

297 1518 433 1592 Itemque
471 1519 508 1575 ab
546 1517 693 1575 infinitivo
731 1519 823 1576 dicere
860 1517 898 1574 ad
937 1515 1103 1574 reddendas
1135 1514 1381 1590 philosopherum

211 1606 376 1666 sententias
403 1605 532 1681 primum
560 1605 782 1682 imperfectmn,
811 1608 917 1680 postea
944 1604 1115 1680 praesentia
1144 1603 1275 1678 pendent
1301 1602 1382 1660 Lael.

210 1698 266 1754 lc:
294 1695 378 1754 Alios
407 1699 502 1752 autem
532 1697 648 1753 dicere
675 1697 776 1753 aiuut
797 1695 886 1752 multo
914 1696 1000 1752 etiam
1025 1693 1212 1752 humanius.
1307 1695 1384 1757 ..ut

210 1788 391 1857 quisquae
350 1785 503 1842 miuimum
525 1785 674 1855 firmitatis
701 1785 894 1841 liaberetm
864 1784 1071 1854 minimumque
1099 1783 1220 1846 uirium,
1245 1736 1290 1839 ita
1313 1781 1387 1838 umi-

185 1876 294 1933 ‘eilias
312 1877 444 1946 appetere
461 1889 542 1931 mam
539 1875 604 1942 ';me
629 1889 662 1930 ere
680 1887 711 1930 eo
729 1874 804 1943 sieri,
822 1876 855 1929 ut
845 1872 944 1929 tmuti
946 1873 1058 1929 meulue
1075 1873 1169 1944 mapis
1187 1871 1384 1928 amicitiarum

204 1964 359 2035 praesidia
378 1965 566 2033 quaeruut,
585 1979 672 2034 quum
685 1963 751 2027 uiri,
771 1962 820 2018 et
809 1978 907 2033 euepes
926 1978 1014 2032 quam
1028 1960 1161 2032 eputeuti,
1181 1963 1207 2016 et
1196 1959 1342 2016 tealamit
1332 1960 1385 2018 tasi

211 2070 298 2124 quam
320 2052 355 2116 ii,
380 2053 429 2122 qui
446 2055 621 2122 putentur
644 2051 727 2109 beati.

300 2138 382 2208 Quae
410 2158 477 2197 eum
501 2138 544 2198 ita
568 2139 642 2214 sint,
671 2137 758 2196 facile
786 2137 987 2212 intellegitur,
1015 2136 1066 2212 qui
1088 2135 1153 2194 fieri
1176 2134 1321 2210 potuerit,
1350 2137 1385 2192 ut

214 2228 317 2288 Cicero
345 2227 376 2284 in
400 2225 463 2286 eat.
488 2227 557 2286 Mai.
583 2229 638 2299 78,
666 2247 732 2285 cum
761 2226 861 2284 verbis
884 2229 926 2284 sie
952 2226 1023 2284 milri
1045 2227 1198 2298 persuasi,
1227 2227 1268 2283 sie
1295 2226 1384 2284 seutio

212 2317 286 2376 satis
317 2316 478 2376 indicasset
507 2335 593 2374 suam
619 2335 652 2374 se
680 2315 857 2374 senteutiam
887 2333 953 2373 esse
982 2314 1202 2388 expositurum,
1232 2314 1263 2370 in
1286 2312 1385 2370 media

210 2409 313 2466 tamen
326 2405 467 2478 oratione,
486 2424 553 2464 curn
568 2404 693 2463 eandem
708 2423 772 2463 esse
786 2403 922 2463 Platonis
937 2403 1130 2478 meminisset,
1145 2421 1163 2460 a
1176 2401 1385 2476 praesentibus

159 2513 162 2522 ·
211 2496 250 2554 ed
273 2494 482 2570 imperfectum
506 2494 585 2564 (eum
607 2495 727 2566 simplem
748 2495 841 2551 auimi
859 2498 967 2552 uatura
992 2497 1061 2551 esset
1084 2491 1146 2564 eet.)
1169 2491 1214 2548 ita
1232 2490 1385 2564 transiret,

210 2588 246 2642 ut
264 2584 364 2658 paullo
392 2583 523 2658 posted
546 2601 688 2658 praesens
716 2581 837 2640 rediret.
846 2573 871 2660 3)
916 2581 957 2639 ΙΙΙ
979 2581 1016 2639 de
1039 2583 1100 2638 nat.
1129 2580 1209 2638 deor.
1232 2579 1277 2655 ΙΙ,
1308 2581 1384 2636 126:

212 2692 300 2745 quam
336 2690 401 2730 cum
434 2674 688 2745 qustuuisseut,
725 2673 848 2744 sapittas
884 2671 1010 2728 excidere
1051 2671 1174 2728 dicuat
1205 2687 1220 2726 e
1259 2686 1385 2741 corpore,

211 2762 384 2847 Draegerus
408 2761 600 2819 vehementer
619 2761 710 2837 errat,
734 2778 800 2817 eum
823 2758 1149 2834 plusquamperfectum
1169 2777 1187 2816 a
1209 2757 1386 2831 praeceden-

212 2850 293 2908 tibus
313 2844 483 2924 praeteritis
503 2850 632 2925 pendere
651 2851 753 2907 censet
758 2839 824 2927 ξ’)
816 2866 906 2905 rmmo
925 2866 996 2907 uero
1020 2847 1161 2922 quoniam
1183 2844 1285 2903 illud
1277 2864 1384 2920 rpsum,

212 2940 249 2996 de
268 2957 326 3013 quo
342 2938 444 2996 (licere
460 2938 605 3014 loquitur,
625 2957 642 2996 a
660 2935 810 2995 nonnullis
830 2936 924 3012 script
911 2936 1026 2994 toribus
1045 2935 1199 2995 veteribus
1218 2933 1357 3009 traditur,
1359 2926 1385 3012 )

213 3025 388 3086 Ciceronem
412 3045 522 3097 eorum,
547 3027 598 3101 qui
621 3026 657 3084 de
681 3026 737 3084 hao
759 3025 1002 3100 rescripserunt,
1025 3023 1196 3086 meminisse
1219 3022 1385 3098 putandum

216 3120 271 3175 est.
318 3115 385 3174 Nisi
402 3116 482 3174 forte
500 3107 661 3196 Petersii‘3)
681 3114 861 3172 sententiam
880 3113 998 3188 probas,
1022 3112 1074 3189 qui
1092 3113 1219 3172 formam
1243 3111 1385 3170 orationis

214 3205 251 3263 ab
276 3204 362 3264 initio
385 3203 556 3264 institutam
580 3203 741 3262 retinuisse
766 3201 938 3260 Ciceronem
962 3201 1045 3274 dicit,
1074 3200 1197 3276 perinde
1221 3219 1255 3258 ae
1285 3200 1323 3275 si,
1352 3202 1386 3258 ut

213 3293 315 3368 paullo
338 3296 408 3352 ante
431 3298 610 3352 morereutur
634 3292 827 3370 dictumest,
851 3295 1027 3366 sequeretur
1050 3293 1171 3363 sapidae
1192 3291 1350 3348 ereidereut
1373 3307 1387 3346 e

213 3401 339 3455 corpere.

304 3470 456 3531 Omissum
476 3474 523 3529 est
541 3470 667 3529 verbum
686 3471 748 3528 tale
767 3468 895 3544 aliquod,
920 3468 999 3543 quod
1018 3468 1198 3526 sententiam
1217 3465 1387 3541 philosophi

215 3560 378 3636 exprimet,
413 3559 498 3619 Tusc.
533 3559 591 3632 ΙΙΙ,
626 3561 681 3616 47ι
714 3577 809 3616 seeum
841 3560 902 3630 ipse
930 3561 1047 3630 pupuat
1078 3556 1095 3627 (
1142 3556 1268 3627 risurus),
1304 3557 1386 3612 modo

215 3651 291 3706 euim
319 3653 370 3720 (sc.
403 3649 492 3707 dicit
518 3649 566 3707 vel
599 3647 758 3719 dicebat)
793 3665 829 3704 ue
855 3647 1000 3719 suspicari
1027 3647 1141 3718 quidem
1173 3662 1203 3702 se
1230 3645 1387 3716 quidquam

215 3739 337 3804 bouum,
371 3739 431 3796 uisi
457 3755 558 3796 seusus
586 3739 671 3808 quasi
708 3737 948 3794 titillareutur
984 3736 1142 3807 uoluptate,
1181 3751 1258 3790 rimu
1291 3737 1387 3791 autem

215 3825 266 3897 (se.
285 3827 366 3900 dicit)
386 3843 530 3884 summum
548 3827 722 3899 uoluptatem
741 3842 799 3883 esse
818 3824 914 3882 datore
937 3840 1045 3884 carere.
1083 3822 1146 3892 Quo
1171 3822 1235 3880 loeo
1255 3819 1387 3879 Bentleii

286 4050 314 4188 ΙΙ
332 4046 369 4173 ii.
382 4046 475 4172 Illiieitr.
487 4047 514 4172 ll.
521 4065 556 4174 cc
563 4051 665 4187 pp
606 4122 638 4170 18
654 4135 702 4185 sq,
721 4116 771 4185 qui
788 4115 826 4184 id,
846 4115 920 4183 quod
938 4114 1021 4168 multi
1039 4113 1176 4182 dixerunt,
1195 4113 1388 4183 praesentibus

215 4208 248 4244 ea
267 4187 411 4254 contineri,
431 4205 501 4256 quae
520 4190 556 4242 ad
576 4204 671 4242 omues
689 4186 815 4243 homines
834 4189 863 4242 et
879 4185 974 4240 omnia
987 4190 1115 4254 tempora
1129 4187 1297 4254 spectarent,
1316 4184 1387 4240 bene

214 4261 452 4402 remigiii
386 4329 473 4386 Distu
493 4331 511 4385 l.
532 4347 554 4386 e
573 4348 600 4399 p.
621 4337 663 4384 13.
683 4333 712 4384 et
729 4329 853 4399 Madvig.
872 4329 908 4384 ad
928 4327 984 4382 (lic
1005 4327 1039 4382 de
1058 4328 1103 4382 fin.
1123 4345 1150 4395 p.
1170 4332 1231 4382 469

286 4403 726 4540 iiif⁰Schoi19n4annadnt

287 4545 351 4612 6)Ι.
372 4561 395 4601 c.
414 4562 441 4613 p.
461 4551 484 4599 Ι.
