3366 5266
689 395 907 459 ..35-

211 562 270 627 stt,
294 561 448 633 efficiat,
472 561 641 633 effecerit.
665 561 701 618 ds
721 560 779 619 div.
803 559 826 627 I,
850 562 904 620 78:
928 561 1074 634 Maquum
1092 561 1166 619 illud
1189 563 1287 627 etiam,
1310 561 1386 637 quad

211 650 351 708 addidit
381 647 511 716 Caelius,
539 667 570 707 cc
597 653 721 722 ternpore
747 651 823 721 ipsa,
852 665 916 706 eum
943 649 994 707 troc
1021 649 1219 708 calamitosum
1240 642 1386 722 praelium

211 739 299 809 fluet,
319 742 412 796 lautos
430 743 525 796 terrae
541 741 635 796 matus
654 740 686 796 iu
704 738 873 811 Liquribus,
896 735 997 796 Gallia
1018 739 1264 810 compluribusque
1282 740 1387 798 irrsrdis

211 830 324 898 totaque
351 829 383 884 iu
409 827 503 884 Italia
529 828 621 900 tactos
650 844 723 892 esse,
750 830 783 884 ut
804 827 896 884 mulla
918 827 1025 899 oppida
1048 829 1261 894 corrueriut,
1288 829 1387 886 umltis

212 915 281 974 loeis
312 917 390 974 labes
421 917 517 988 factm
548 918 620 974 siut
648 921 795 986 terraeque
825 915 1021 974 decideriut
1050 917 1229 987 fluminaque
1259 918 1291 974 iu
1322 927 1387 974 eom

212 1006 321 1062 trarias
342 1008 446 1076 partes
473 1005 648 1076 flaueriut
674 1009 758 1076 alque
780 1007 813 1062 iu
835 1021 934 1062 aumes
956 1021 1037 1062 mare
1059 1005 1269 1077 iutluucrit;
1298 1023 1387 1079 quem

187 1092 309 1150 locum
331 1093 376 1150 ita
397 1092 463 1150 iure
485 1093 543 1150 hue
565 1092 734 1162 referimus,
758 1095 793 1150 ui
813 1091 994 1152 infinitivum
1017 1111 1076 1152 non
1099 1111 1118 1150 a
1140 1109 1279 1166 maquum
1302 1090 1386 1168 [est],

212 1181 271 1254 sed,
293 1183 327 1238 ut
346 1183 392 1239 esi
410 1199 475 1239 mos
489 1180 623 1254 Latinus,
643 1183 682 1239 ab
696 1181 809 1240 addidit
825 1181 955 1256 pendere
969 1180 1159 1239 arbitremur.
1167 1174 1192 1260 1)
1232 1181 1313 1240 Lsel.
1329 1183 1385 1241 45:

212 1270 293 1328 Num
312 1271 492 1342 quibusdam,
516 1287 586 1341 quos
606 1271 693 1328 audio
713 1272 855 1342 sapicutcs
872 1271 982 1328 laidas
1000 1271 1032 1328 iu
1052 1269 1187 1336 Graecia,
1201 1269 1387 1343 placuisse

211 1360 315 1431 opiuar
340 1360 490 1416 mirabilia
517 1359 658 1430 quaedum
683 1403 690 1417 .
715 1405 722 1417 .
746 1360 883 1430 ‚parlim
910 1359 1064 1431 tuqieudas
1092 1375 1151 1416 esse
1178 1361 1287 1417 uimias
1315 1362 1387 1420 ami-

213 1449 309 1512 citias,
340 1464 377 1504 ue
407 1463 518 1504 uescsse
549 1449 596 1504 sit
626 1463 719 1505 imum
750 1447 902 1505 sollicitum
934 1463 993 1506 esse
1019 1464 1078 1519 pro
1099 1449 1238 1520 pluribus
1270 1452 1318 1509 eet.
1335 1447 1388 1506 de'

212 1536 282 1610 imp.
303 1537 357 1594 24:
382 1537 446 1594 Iam
464 1536 515 1593 lroc
533 1537 593 1608 fere
609 1537 651 1593 sie
668 1537 735 1606 lieri
751 1537 841 1593 solere
858 1538 1068 1608 accepimus,
1091 1541 1124 1594 ut
1141 1553 1241 1609 requm
1260 1527 1389 1610 afflictae

211 1626 346 1697 farturae
360 1625 446 1698 facile
458 1625 614 1682 multorum
628 1641 694 1697 opes
708 1625 875 1683 alliciaut
896 1625 936 1682 ad
947 1625 1185 1684 misericordiam.
1200 1645 1228 1700 p.
1243 1623 1316 1684 Sull.
1332 1627 1387 1684 82:

211 1712 268 1771 Sed
295 1715 365 1786 quia
392 1717 460 1772 suut
486 1715 621 1786 descripti
650 1713 829 1778 cousulares,
863 1714 898 1771 de
924 1714 970 1771 tris
997 1717 1109 1772 lautum
1135 1715 1206 1772 mila
1237 1715 1388 1772 dicendum

207 1804 352 1874 putaui,
376 1803 451 1874 quod
473 1804 546 1860 satis
565 1805 635 1860 esset
658 1803 697 1860 ad
715 1803 878 1878 testaudum
896 1804 1024 1860 ommium
1042 1805 1224 1870 memoriam,
1246 1805 1388 1864 aemiucm
1498 1811 1499 1818 ’

213 1907 273 1949 esse
295 1908 329 1948 eu
351 1892 401 1949 illo
422 1891 539 1949 honoris
559 1891 667 1963 prada,
691 1892 741 1962 qui
762 1908 820 1948 uon
843 1893 922 1950 omui
944 1891 1051 1958 studio,
1075 1892 1191 1957 uirtute,
1220 1894 1388 1950 auctoritaie

147 2045 150 2050 ,
211 1980 416 2038 iucubuerit
447 1980 487 2037 ad
517 1980 724 2051 rempublicam
746 1980 980 2038 causeruuudam.
1013 1979 1050 2036 ad
1073 1980 1142 2040 fam.
1166 1978 1248 2049 XVI,
1275 1981 1329 2053 23,
1356 1985 1387 2039 1:

211 2067 327 2127 Bulbus
354 2069 394 2126 ad
420 2085 465 2125 me
491 2070 607 2140 scripsit
636 2071 718 2126 tauta
745 2086 775 2126 se
802 2065 930 2150 ἕπιφορᾷ
958 2085 1139 2140 oppressum,
1167 2072 1200 2126 ut
1226 2069 1304 2140 loqui
1330 2087 1388 2127 uou

207 2158 331 2228 possit.
385 2155 453 2215 Nou
481 2160 561 2214 recle
589 2157 643 2214 hoc
671 2157 734 2214 loeo
763 2156 995 2231 Wesenbergius
1023 2156 1142 2231 scripsit
1166 2148 1305 2237 posset.⁸)
1352 2157 1388 2216 de

211 2247 272 2304 nst.
308 2244 388 2303 deor.
424 2244 483 2317 ΙΙΙ,
523 2246 576 2303 10:
617 2245 751 2303 Primum
787 2247 870 2318 fuit,
911 2263 976 2302 cum
1007 2245 1117 2302 caelum
1151 2241 1387 2318 suspexissemus,

211 2336 311 2391 statim
341 2350 394 2394 uos
429 2333 588 2405 iutelleqere
625 2351 683 2392 esse
719 2335 836 2406 aliquod
865 2351 985 2400 uumeu,
1023 2351 1076 2405 qua
1108 2335 1178 2391 laec
1208 2339 1387 2407 repautur.

212 2421 403 2480 Heindsrfius
428 2439 463 2478 ex
487 2440 545 2480 uno
567 2421 666 2480 codice
686 2420 877 2497 Glogarisnsi
901 2422 1020 2496 scripsit
1042 2414 1248 2501 repercutur.⁴)
1286 2422 1388 2482 Pelor-

212 2502 307 2590 siud)
336 2515 450 2568 autem:
479 2503 585 2568 ‘Cotta
612 2511 763 2584 praesenti
790 2503 912 2583 utitur'‚
940 2511 1050 2585 inquil,
1084 2504 1134 2569 ‘ut
1165 2511 1266 2590 Bulbi,
1299 2531 1388 2587 quem

212 2598 399 2656 formaturus
423 2603 481 2670 est,
506 2601 715 2673 argumentum
738 2599 843 2657 iisdem
867 2598 977 2670 verbis,
1001 2599 1110 2674 quibus
1134 2599 1260 2674 abipso
1283 2619 1387 2675 propo

213 2685 304 2744 situm
341 2687 393 2758 sit,
433 2689 578 2762 quinium
608 2687 673 2746 fieri
704 2688 812 2762 pelisii,
849 2680 987 2762 repeiai'
1047 2688 1181 2763 Apparet
1211 2688 1265 2746 isli
1298 2689 1388 2748 inier-

212 2776 380 2850 pretstious
403 2775 602 2834 audacissima
624 2795 683 2834 nou
707 2794 781 2850 opus
806 2795 879 2837 esse.

301 2864 402 2922 Habes
427 2865 599 2937 enuntiata,
626 2865 657 2922 in
685 2865 793 2940 quibus
821 2865 1007 2923 eoniuneiiro
1037 2866 1127 2924 etium
1141 2869 1232 2924 rests
1255 2867 1388 2926 oratione

212 2953 356 3012 utendum
379 2953 495 3012 fuissei.
536 2952 700 3011 Veniamus
723 2954 760 3011 ad
780 2971 824 3026 ea,
847 2953 1015 3028 inquibus,
1040 2955 1065 3012 si
1086 2957 1168 3012 reeta
1187 2959 1266 3014 esset
1284 2956 1388 3038 oratio,
1409 3001 1412 3008 .

212 3041 374 3100 indicativo
399 3040 500 3100 Cicero
523 3059 595 3099 usus
620 3046 707 3100 esset.
1307 3039 1313 3052 '

300 3130 344 3187 De
362 3129 411 3188 fin.
430 3130 486 3202 III,
506 3132 561 3188 41:
584 3130 722 3204 Puquare
743 3148 802 3188 acu
824 3131 964 3189 destitit
986 3133 1018 3189 iu
1040 3134 1118 3190 omui
1140 3132 1194 3190 hac
1217 3135 1387 3204 quaestione,

213 3236 286 3291 quae
313 3219 347 3276 de
375 3220 456 3277 bouis
484 3223 509 3276 ct
535 3220 621 3277 malis
649 3221 864 3292 appelletur,
891 3237 950 3276 uam
980 3238 1039 3279 esse
1068 3238 1166 3280 rerum
1193 3219 1297 3280 Stoicis
1324 3239 1388 3280 oum

213 3307 412 3380 Peripateticis
440 3311 675 3375 coutroversium,
703 3310 753 3367 sed
779 3310 947 3372 uomiuum.
983 3308 1032 3366 Ad
1054 3309 1132 3367 hune
1155 3311 1251 3368 locum
1276 3310 1388 3370 Madvi-

214 3394 281 3469 gius
296 3396 369 3454 haes
383 3398 520 3454 annotat:
543 3389 623 3454 ‘Iure
638 3397 870 3472 Wesenbergius
885 3396 1105 3456 coniunctivum
1118 3397 1238 3457 modum
1253 3399 1390 3475 miratur,v

214 3484 353 3558 quoniam
386 3504 482 3560 neque
514 3485 714 3561 intellegitur,
747 3505 800 3543 cur
831 3486 886 3544 hoe
914 3487 950 3544 de
983 3487 1046 3545 eius
1079 3488 1173 3560 pariis
1206 3488 1325 3545 nomine
1353 3507 1388 3546 ex

215 3571 375 3630 Carneadis
401 3571 529 3648 persons
552 3573 730 3647 proferatur,
755 3578 793 3647 el,
818 3574 844 3632 si
861 3593 897 3632 ex
921 3575 983 3633 eius
1002 3592 1130 3650 persona
1153 3575 1270 3648 dieitur,
1293 3577 1389 3649 appel-

214 3662 324 3719 laretur
345 3661 509 3720 dicendum
536 3662 630 3722 fuisse
653 3663 781 3724 videtur.
826 3662 857 3720 Si
880 3681 952 3723 vera
980 3665 1128 3739 scriptura
1156 3669 1216 3742 est,
1246 3683 1388 3739 praesens

213 3751 332 3824 tempus
365 3753 462 3808 ortum
495 3754 542 3809 esi
573 3769 609 3808 ex
641 3751 812 3811 confusions
845 3752 972 3827 quadem
1006 3754 1083 3826 eius,
1115 3753 1193 3829 quod
1226 3773 1262 3812 ex
1293 3753 1388 3829 ipsius

287 3919 312 3985 1)
332 3917 409 3972 Couf.
429 3924 453 3984 §-
474 3924 516 3974 11.
555 3961 561 3973 .
581 3924 624 3973 44.

286 3991 314 4058 3)
333 3988 361 4043 C.
376 3988 407 4041 F.
423 3989 454 4044 G.
473 3937 626 4045 Muelflerus
648 3992 683 4046 sd
703 3992 779 4046 Lael.
801 3992 843 4046 ed.
863 3991 945 4060 Seyff.
964 4009 992 4060 p.
1011 3996 1062 4046 315
1082 3992 1153 4046 haee
1170 3991 1252 4046 dicii:
1270 3993 1324 4048 Bei
1341 3994 1389 4048 der

215 4059 422 4128 Allqcmciulreit
440 4061 526 4114 dieser
544 4060 632 4127 Silae,
651 4064 698 4116 der
716 4080 772 4117 uur
790 4063 941 4116 iudirccteu
954 4062 1157 4132 Ablrduqiplreit
1173 4079 1227 4119 uou
1241 4065 1388 4132 placuisse,

214 4132 262 4184 der
283 4130 433 4200 Treuuuuq
451 4147 504 4185 uou
523 4133 653 4186 letaterem
672 4134 758 4187 durati
776 4133 893 4186 melrere
911 4133 1011 4186 audere
1025 4133 1104 4187 Sdtre
1122 4133 1221 4188 louute
1239 4137 1389 4190 umsomelrr

213 4218 266 4255 uou
289 4203 338 4256 der
358 4203 499 4268 formelleu
518 4200 681 4257 Oorreetlreit
704 4205 848 4273 ubqrsclreu
870 4204 989 4268 uerdeu,
1013 4205 1072 4258 ueil
1095 4207 1165 4260 aucit
1186 4207 1237 4260 das
1251 4207 1390 4275 placuisse

213 4274 294 4328 selbst
314 4274 365 4326 uie
387 4275 432 4327 eiu
454 4274 595 4341 scripsisse
617 4276 674 4328 sicli
697 4277 729 4328 iu
747 4275 895 4329 Gedaulceu
918 4275 996 4328 leielit
1018 4277 1050 4328 iu
1073 4277 1117 4328 ein
1136 4278 1246 4345 placere
1269 4282 1387 4332 amsetzt.

213 4343 319 4397 Harum
339 4345 547 4398 excusationum
566 4345 673 4398 nullam
692 4345 795 4400 iustum
814 4361 873 4398 esse
893 4344 1031 4400 existimo.

285 4420 311 4478 3)
330 4415 365 4469 cf.
385 4413 468 4469 Heus.
489 4415 522 4468 sd
544 4413 647 4484 Reisig.
667 4434 693 4485 p.
715 4422 774 4472 551.
795 4418 851 4469 noi.
873 4422 933 4470 481.

285 4487 313 4552 4)
332 4485 366 4539 ei.
386 4485 520 4540 Dietrich.
540 4486 557 4539 l.'
578 4502 600 4539 e.
619 4505 646 4556 p.
666 4493 708 4542 42.
728 4493 786 4543 not.

285 4559 312 4625 5)
330 4555 349 4608 l.
369 4572 391 4609 c.
411 4573 438 4625 p.
460 4563 501 4611 14.
