3366 5266
703 391 919 456 ..11..

224 575 351 616 morosos
382 560 613 616 nominaverunt.
658 557 694 616 de
727 576 768 617 or.
800 557 859 630 III,
894 560 948 616 72:
985 557 1132 630 Nataque,
1164 564 1197 618 ut
1229 565 1295 618 unte
1324 562 1394 627 dini,

224 650 330 704 ueteres
360 647 405 704 illi
431 664 521 718 usquc
552 648 591 704 ud
621 647 767 704 Scortum
805 664 916 704 omnem
947 649 1076 705 omniurn
1106 665 1218 715 rerum,
1252 667 1325 720 panc
1356 652 1395 708 ud

224 752 317 794 mores
339 735 499 802 ironicum,
530 753 603 807 quoe
626 737 665 794 cd
687 737 789 801 citum,
818 753 892 807 quae
919 737 959 794 act
980 737 1128 802 uirtutem,
1157 755 1231 808 quac
1259 739 1298 795 cd
1320 755 1393 795 reru-

220 825 369 896 publicam
386 825 631 896 pertinebant,
658 826 843 897 cognitionem
871 829 897 882 ct
918 827 1068 883 scantiam
1094 827 1206 883 ratione
1232 827 1395 899 irrepebant.

226 910 310 980 Quod
340 915 441 970 autem
470 912 543 970 haec
576 912 716 971 attractio
748 916 917 989 temporum
947 911 1113 994 indicativi⁸
1132 932 1191 972 non
1223 915 1395 988 postulatur

226 1019 307 1058 more
331 999 451 1072 Latino,
481 1001 511 1058 id
535 1001 614 1076 quod
637 1001 790 1060 Petersius
812 1003 927 1082 monet,
957 1002 1015 1060 loci
1044 1001 1185 1077 probant,
1217 1004 1411 1076 consecutio,·

225 1107 302 1164 qnae
334 1091 470 1160 vocatur,
501 1090 537 1148 de
569 1109 628 1164 qua
658 1107 712 1148 nos
745 1090 800 1148 hoc
832 1091 897 1148 loco
930 1090 1062 1166 agimus,
1094 1092 1278 1164 postulatur:
1311 1093 1394 1164 nihil,

225 1177 322 1251 credo,
346 1177 479 1253 impedit,
502 1178 660 1252 quominus
684 1179 894 1237 attractionem
917 1178 999 1236 illam
1024 1179 1054 1237 et
1077 1180 1316 1239 consecutionem
1341 1181 1395 1240 eis-

226 1266 292 1323 dem
316 1266 414 1325 causis
438 1285 472 1325 sc
495 1267 647 1342 principiis
671 1270 737 1325 orta
761 1285 826 1325 csse
849 1267 1021 1325 iudicemus.

315 1355 415 1413 Habes
435 1352 537 1430 igitar,
561 1355 613 1430 qui
632 1355 769 1431 explices,
793 1375 846 1414 cur
870 1375 936 1414 cum
955 1355 1126 1430 praeteritis
1149 1357 1235 1417 verbi
1262 1359 1395 1434 regentis

227 1444 425 1520 coniungatur
447 1437 654 1520 imperfectum
678 1435 741 1524 (vel
763 1435 1147 1524 plusquamperfectum).¹)

768 1620 798 1696 ξ.
822 1625 850 1682 3.

310 1746 392 1826 Ὀυω
424 1747 555 1822 perfecto
586 1751 687 1806 autem
720 1748 816 1822 logico
844 1747 1017 1822 saepissime
1051 1749 1141 1806 etiarn
1174 1767 1315 1822 praesens
1349 1751 1397 1808 vel

226 1837 392 1912 perfectum
416 1855 434 1893 a
458 1835 598 1895 Cicerone
622 1836 761 1912 coniungi
788 1837 875 1894 facile
897 1836 1086 1913 intellegitur
1114 1857 1149 1895 ex
1173 1838 1216 1896 eis
1245 1839 1396 1914 exemplis

227 1945 302 2000 quae
330 1924 388 1983 viri
416 1924 495 1983 docti
523 1926 717 1999 collegerunt.
768 1924 940 1998 Quaeritur,
974 1925 1116 2000 quidnam
1149 1926 1189 1984 sit
1219 1925 1396 1985 discriminis

226 2014 306 2072 inter
328 2014 384 2072 hoc
408 2013 523 2072 dicendi
546 2033 641 2089 genus
666 2017 696 2071 et
719 2033 785 2072 eam
808 2013 967 2088 rationem,
996 2015 1032 2072 de
1056 2033 1115 2089 qua
1145 2033 1236 2088 supra
1260 2015 1397 2076 diximus

226 2101 267 2161 Et
285 2102 450 2178 Seyffertus
469 2102 589 2177 quidem
612 2121 755 2177 praesens
775 2103 823 2162 vel
841 2102 1007 2178 perfectum
1026 2106 1091 2184 tum
1108 2103 1171 2162 fere
1188 2104 1259 2178 poni
1276 2105 1396 2176 iudicat,

226 2191 252 2249 si
274 2191 440 2266 perfectum
462 2190 592 2266 logicum
615 2192 768 2266 praesenti
790 2210 913 2266 prorsus
933 2191 1110 2250 commutari
1133 2191 1243 2266 possit,
1272 2196 1307 2251 nt
1330 2190 1398 2252 novi

227 2281 351 2355 aequale
387 2279 449 2337 fere
486 2283 533 2338 est
564 2282 635 2346 scic,
675 2281 778 2338 oblitus
809 2297 874 2338 sum
904 2281 1028 2355 aequale
1059 2283 1168 2346 nescio,
1207 2285 1237 2338 et
1275 2281 1396 2357 similia3

226 2367 435 2443 imperfectum
454 2370 556 2426 autem
574 2370 622 2426 vel
640 2368 965 2444 plusquamperfectum
988 2363 1115 2427 inveniri
1135 2369 1176 2427 eis
1200 2369 1273 2428 locis
1293 2371 1397 2444 solere,

228 2457 334 2532 quibus
359 2456 528 2531 consilium,
557 2458 636 2532 quod
664 2457 774 2516 actioni
801 2458 951 2532 perfectae
979 2457 1175 2516 antecesserit
1201 2458 1250 2516 vel
1279 2459 1398 2534 singula

226 2546 307 2603 illius
344 2546 539 2621 incrementa,
576 2546 676 2621 qualia
712 2546 864 2604 vocabulis
898 2547 948 2604 diu
980 2548 1102 2604 multam
1133 2565 1218 2620 saepe
1250 2547 1397 2608 similibus

181 2705 184 2710 Ι
226 2635 407 2708 indicentur,
434 2637 504 2692 ante
533 2636 633 2694 oculos
661 2627 858 2713 versentu1·.²)
888 2633 943 2692 'Et
969 2655 1040 2695 vero
1067 2635 1112 2692 ita
1138 2655 1203 2692 rem
1232 2655 1263 2692 se
1287 2637 1398 2695 habere

227 2724 459 2782 consentaneum
491 2723 618 2782 videtur.
663 2723 742 2781 Nam
774 2742 860 2782 omne
887 2725 1053 2798 perfectum
1086 2724 1216 2782 medium
1249 2725 1396 2798 quendam

227 2812 325 2870 locum
358 2811 473 2870 obtinet
500 2812 581 2870 inter
608 2831 749 2886 praesens
778 2815 896 2886 tempus
930 2816 960 2870 et
987 2812 1191 2887 praeteritum.
1243 2812 1398 2888 Significat

227 2899 305 2958 enim
325 2899 471 2958 actionem
490 2901 621 2975 aliquam
639 2901 803 2976 praeterito
826 2905 960 2976 tempore
979 2902 1090 2959 factam
1113 2919 1179 2959 esse
1199 2903 1398 2977 eventumque

227 2989 290 3047 eius
314 2989 466 3063 praesenti
494 2993 563 3048 ante
593 2991 694 3048 oculos
722 2989 847 3048 versari.
891 2989 992 3064 Atque
1019 2990 1075 3048 hoc
1098 3009 1170 3064 prae
1198 2990 1250 3048 illo
1273 3009 1397 3064 prorsus

227 3077 397 3152 neglegitur
420 3077 451 3134 in
473 3079 613 3153 perfectis
637 3079 795 3150 historicis,
819 3079 893 3137 illud
912 3097 984 3152 prae
1007 3079 1063 3137 hoc
1085 3078 1116 3135 in
1139 3079 1192 3153 eis,
1215 3096 1291 3154 qnae
1314 3097 1399 3153 prce·

227 3167 320 3224 sentis
350 3167 415 3224 loco
445 3170 642 3250 usurpantur,
675 3171 710 3224 nt
741 3170 808 3225 noct
834 3158 983 3245 meatur-⁹²)
1018 3168 1079 3232 cdi,
1111 3168 1143 3224 in
1175 3167 1281 3225 ceteris
1314 3167 1398 3226 deni-

227 3274 283 3330 que
315 3255 456 3329 perfectis
488 3255 593 3330 logicis
626 3259 785 3330 utrumque
818 3255 1000 3330 declaratur,
1030 3255 1074 3313 ita
1100 3259 1217 3326 tamen,
1246 3259 1281 3313 ut
1310 3256 1397 3314 modo

226 3344 281 3402 hoo
317 3342 405 3402 modo
435 3343 512 3401 illud
544 3343 657 3402 maiore
687 3344 717 3402 vi
753 3344 909 3404 indicetur.
959 3341 1071 3411 Quodsi
1102 3363 1207 3401 verum
1241 3346 1295 3419 est,
1319 3344 1399 3419 quod

227 3451 318 3506 supra
347 3431 488 3507 diximus,
520 3433 552 3489 in
579 3432 733 3491 enuntiato
766 3431 907 3509 pendenti
937 3431 1144 3508 imperfectum
1171 3431 1279 3490 idcirco
1315 3451 1399 3490 usur-

226 3521 305 3597 pari,
332 3522 368 3577 ut
394 3521 542 3580 actionem
567 3521 733 3579 secundarii
762 3520 910 3578 enuntiati
940 3521 1100 3595 cogitatam
1129 3520 1238 3580 actioni
1264 3521 1399 3595 primarii

228 3609 415 3668 subiunctam
452 3628 518 3668 esse
559 3611 624 3685 ipso
665 3612 800 3684 tempore
841 3608 1074 3684 significaretur,
1115 3612 1180 3666 tum
1222 3609 1397 3682 imperfecto

227 3699 275 3756 vel
316 3698 609 3772 plusquamperfecto
652 3698 795 3757 utendum
838 3715 902 3756 esse
944 3702 1081 3772 apparet,
1125 3698 1150 3755 si
1187 3697 1397 3772 cogitationem

228 3786 324 3857 illam,
364 3805 440 3860 quae
473 3788 627 3845 enuntiato
661 3786 834 3846 secundario
866 3785 1047 3858 continetur,
1083 3785 1142 3863 ipsi
1174 3787 1284 3846 actioni
1315 3806 1399 3861 prae·
1456 3783 1459 3794 ’

228 3874 350 3948 teritae,
394 3875 547 3950 praesenti
582 3877 630 3934 vel
666 3876 810 3950 perfecto,
853 3875 878 3932 si
920 3873 1040 3933 eventui
1081 3874 1205 3933 actionis
1247 3875 1400 3950 praesenti

228 3963 398 4020 adiunctam
430 3981 495 4022 esse
528 3965 624 4023 forma
657 3964 783 4038 perfecti
815 3963 905 4039 logici
936 3963 1100 4038 expn'mere
1133 3963 1279 4021 volumus.
1334 3963 1399 4022 Hoc

227 4054 328 4109 antem
352 4051 496 4123 sifitu
497 4053 658 4111 terentui
680 4052 862 4126 adiungatur
889 4052 1011 4127 cogitat'
1003 4071 1046 4124 10,
1074 4051 1188 4126 perfec
1189 4071 1240 4109 um
1268 4051 1398 4126 logicum

226 4139 368 4198 facillime
412 4142 589 4198 commutari
626 4160 713 4216 posse
754 4141 906 4215 praesenti
942 4141 1021 4198 mani
1024 4141 1083 4199 fest
1083 4161 1136 4198 um
1172 4144 1226 4199 est.
1286 4139 1399 4210 Quodsi

231 4363 234 4368 -
345 4325 470 4381 Conft
442 4327 527 4382 etiam
547 4345 618 4396 quae
636 4327 794 4384 Rothiusl.
813 4344 835 4381 c.
854 4346 881 4396 p.
903 4333 936 4381 44
956 4326 1119 4397 disputavit.

344 4415 460 4466 gramm.
480 4399 533 4452 Eli.
552 4406 575 4482 5
594 4405 654 4453 243.
674 4401 731 4454 not.

345 4467 468 4523 Verbum
484 4472 633 4524 voceminissc
652 4488 715 4524 cum
729 4470 871 4539 praesenti
863 4469 931 4524 ivel
949 4469 1073 4538 perfeeto
1089 4469 1221 4538 coniungi
1234 4472 1332 4524 notum
1347 4471 1399 4524 est.

228 4537 305 4592 conf
325 4539 361 4592 ad
379 4539 444 4594 fam.
464 4541 524 4609 Vll,
545 4548 586 4610 ll,
606 4547 631 4595 2.
651 4541 724 4608 VHL
746 4547 787 4610 10,
805 4546 845 4595 15.
866 4541 901 4595 de
919 4541 964 4597 fin.
983 4541 1018 4610 Il,
1035 4547 1076 4594 10.
1091 4559 1119 4614 p.
1134 4541 1203 4594 Bab.
1218 4541 1295 4612 perd.
1310 4549 1396 4600 recl
