3366 5266
729 361 920 424 -·7..

326 525 438 594 Quodsi
460 526 644 600 quaerimus,
667 543 813 600 quaenam
838 525 898 584 siut
921 524 1064 585 orationis
1093 513 1233 598 Latinae,
1260 523 1408 598 imprimis

237 613 455 687 Ciceronianae,
475 614 510 672 de
529 615 736 672 consecutione
755 615 923 688 temporum
942 614 1033 690 leges
1056 609 1132 670 nihil
1151 611 1303 687 antiquius
1321 612 1408 670 uobis

237 703 412 761 habendum·
431 706 489 775 est,
523 721 612 777 quam
639 706 732 761 utne
756 703 823 777 hoc,
852 701 931 777 quod
955 701 1158 777 exposuimus,
1192 700 1408 760 sententiarum

237 791 431 867 pendentium
450 791 609 848 discrimen
633 810 763 864 unquam
786 791 982 866 neglegamus
1003 793 1056 848 aut
1080 808 1266 865 seponamus.
1298 789 1334 846 In
1353 790 1409 849 boo

237 879 316 937 euim
339 879 507 939 discrimine
531 879 626 938 omnis
649 880 722 938 haec
745 879 879 954 quaestio
903 879 1039 953 vertitur,
1063 879 1142 954 quod
1160 879 1219 936 iam
1234 877 1408 936 Lievenium

176 957 178 961 ’
237 968 366 1026 sensisse
388 961 510 1048 video.¹)
557 966 641 1036 Quod
662 987 767 1026 uerum
791 986 856 1025 esse
880 987 937 1042 quo
959 967 1077 1044 planius
1108 967 1321 1042 perspiciatur,
1350 967 1408 1024 siu-

236 1057 309 1131 gula
337 1057 391 1115 hcc
414 1058 477 1115 loco
502 1056 726 1115 enuntiatorum
749 1055 991 1114 secundariorum
1018 1075 1129 1131 genera
1152 1057 1195 1113 ita
1218 1055 1408 1131 percensebo,

237 1148 279 1215 ut,
303 1163 380 1219 quae
403 1145 434 1202 in
457 1145 623 1220 quibusque
647 1148 782 1219 tempora
804 1145 995 1204 inveniantur
1018 1148 1049 1203 et
1072 1145 1180 1218 quibus
1204 1144 1322 1218 legibus
1341 1162 1409 1202 ceu-

237 1233 346 1308 sisque,
370 1233 532 1308 exquiram.
767 1237 770 1244 '

310 1404 333 1468 l)
354 1402 371 1456 l.
392 1419 414 1457 o.
434 1420 460 1470 p.
482 1408 527 1455 13:
552 1402 626 1456 Aber
648 1417 675 1455 es
692 1403 777 1468 [tedet
800 1403 858 1456 hier
877 1433 910 1440 —
930 1403 1043 1470 regente
1061 1401 1186 1470 perfeeto
1207 1400 1264 1454 sive
1284 1402 1407 1468 praeter·

236 1471 276 1525 ito
300 1503 333 1511 -
357 1474 424 1526 doeb
446 1473 483 1526 im
503 1473 615 1526 Guueeu
639 1474 697 1527 etue
715 1478 849 1541 streupere
867 1473 1068 1541 Abbdupipleeit
1086 1477 1160 1536 state,
1181 1473 1276 1524 welche
1289 1471 1407 1524 uiebt'so

236 1544 307 1609 fee‘ue
331 1543 516 1597 Uetersebiede
539 1545 586 1597 der
610 1544 728 1597 directeu
746 1545 926 1612 Duratelluup
943 1544 1123 1610 festeubolteu
1140 1547 1274 1611 pestett'et,
1297 1543 1347 1595 wie
1366 1543 1408 1596 bei

235 1615 283 1668 der
304 1614 507 1683 Abbdupipkee't
528 1631 587 1668 eom
613 1615 745 1679 Praesens,
767 1616 973 1668 uomeutliob
995 1616 1087 1667 daun
1110 1614 1217 1677 uiebt,
1241 1629 1332 1666 weuu
1355 1614 1407 1666 die
1479 1657 1482 1666 .

235 1686 448 1754 obhtiupu'peo
466 1685 564 1739 Seitee
583 1702 643 1739 aus
661 1687 727 1739 dem
741 1685 845 1738 senne
863 1687 954 1739 einer
971 1685 1098 1738 Persou
1117 1686 1170 1738 des
1188 1685 1408 1751 repiereudeu
1489 1751 1490 1758 ἵ

236 1755 351 1809 Sutees
369 1762 549 1825 eospesapt
566 1758 644 1810 siud
661 1759 728 1822 (eous
746 1757 789 1809 e'eh
807 1757 913 1810 metuere
927 1756 1060 1810 Sebetieru
1077 1757 1127 1808 mit
1146 1756 1204 1808 dou
1217 1755 1327 1808 Nemeo
1344 1757 1406 1808 sub·

192 1855 195 1862 .
235 1827 442 1895 tectio-oblique
464 1827 644 1895 Derstelloup
667 1843 702 1880 eu
726 1828 880 1880 bezeichnen
898 1827 1004 1895 pllepe).
1042 1827 1079 1879 ut
1102 1825 1168 1879 ibid.
1194 1843 1220 1894 p.
1241 1832 1287 1880 33:
1324 1825 1408 1879 Uoter

237 1899 332 1950 Pente
349 1899 375 1951 d.
394 1898 462 1951 habe
479 1899 523 1950 iob
541 1899 573 1950 io
591 1899 639 1951 der
656 1899 758 1951 dritten
772 1899 930 1951 Aosoobme
948 1903 1028 1951 auter
1046 1899 1094 1951 der·
1112 1898 1222 1950 eweiteo
1236 1897 1408 1965 Hauptrepei

235 1970 288 2021 olle
306 1968 487 2022 Relatiesu'tee
505 1974 638 2037 pertenet,
659 1970 751 2036 ecferre
768 1971 806 2022 sie
824 1970 900 2022 uiolet
917 1970 986 2034 ficol
1004 1969 1081 2032 siud,
1105 1969 1149 2021 ich
1167 1969 1240 2020 cutte
1258 1969 1339 2022 lieber
1358 1969 1408 2020 mit

234 2040 460 2104 omfesseuderem
474 2040 635 2093 Aosdrucke
655 2039 922 2108 ‘subiectio-oblique
938 2056 1021 2108 supere
1039 2040 1130 2092 sollers.
1160 2039 1279 2092 Dieser
1296 2039 1407 2092 Poulei

234 2111 325 2163 butte
351 2111 451 2164 sebon
478 2111 528 2163 bei
555 2112 611 2164 der
636 2110 868 2179 Beprdodoup
895 2112 952 2164 der
978 2114 1178 2179 pesammteu
1201 2111 1407 2166 Ausuobme-
1467 2181 1471 2186 1
1576 2177 1578 2180 Ι

234 2181 322 2248 repel
341 2181 542 2250 besproebeo
560 2183 688 2235 werden
706 2182 842 2236 kdoueu.
