3366 5266
682 336 902 399 ,.ρ3ψ

206 520 263 576 que
285 500 317 557 in
338 499 485 558 infinitivo
509 499 633 574 perfecti
656 492 894 577 observantur,¹)
917 502 952 558 ut
975 519 1011 576 ex
1034 499 1194 572 nonnullis,
1218 519 1294 574 quae
1317 499 1377 558 iam

206 607 297 663 supra
320 587 489 659 attulimus,
515 589 656 662 exemplis
680 588 785 646 elucet.
831 588 875 646 De
898 607 957 663 qua
980 608 1012 647 re
1035 607 1101 646 cum
1126 588 1209 646 nulla
1233 587 1271 645 sit
1294 588 1379 646 dubi-

205 669 320 755 tatio,²)
354 675 428 734 satie
462 677 501 734 sit
533 676 586 734 hos
615 676 753 735 attulisse
785 678 878 735 locos:
911 698 940 752 p.
969 676 1030 735 Mil.
1056 678 1111 734 44:
1147 675 1220 734 Oura
1247 677 1295 735 ille
1321 695 1379 735 dore

205 768 380 825 dubitarit
397 767 520 839 operire,
540 767 609 838 quid
626 769 811 838 copitaret,
830 783 880 824 ros
889 767 1009 838 potestis
1022 766 1162 831 dubitare,
1177 765 1246 837 quid
1259 767 1379 838 fecerit?

205 873 263 930 quo
291 854 355 912 loco
384 872 473 928 quam
507 872 647 928 perverse
676 845 885 932 Gossravius3)
920 854 957 912 ad
990 873 1075 912 suam
1102 854 1139 911 de
1171 854 1379 912 consecutione

204 941 385 1002 coniunctivi
397 942 565 1016 imperfecti
574 942 752 1000 sententiam
767 942 957 1000 falsissimam
972 941 1202 1000 confirmandam
1216 942 1379 1001 deteriores

204 1031 319 1090 codices
339 1033 458 1089 secutus
479 1030 645 1105 scripserit:
669 1049 735 1088 eum
756 1032 804 1090 ille
821 1048 880 1089 dore
898 1032 1078 1090 dubitaret
1100 1033 1229 1104 operire·
1245 1032 1314 1103 quid
1336 1049 1380 1103 eo-

201 1122 312 1192 piturit,
326 1118 485 1177 Lieveuius
500 1111 725 1197 demonstrata
750 1117 836 1180 Catil.
851 1118 874 1192 I,
891 1121 945 1178 32:
964 1119 1017 1178 Sit
1031 1120 1151 1191 dedique
1165 1121 1378 1192 inscriptum
1445 1111 1447 1115 ’

206 1199 263 1288 (=
277 1201 410 1282 legatur)
434 1210 465 1266 iri
488 1210 582 1281 fronte
603 1209 840 1281 uniuscuiusque,
864 1209 933 1280 quid
955 1209 990 1266 de
1012 1209 1159 1282 republica
1181 1210 1319 1266 sentiat.

293 1297 443 1371 Exceptus
467 1299 513 1354 est
536 1295 741 1355 coniunctivus
764 1297 889 1372 perfecti
913 1297 1098 1371 potentialis,
1125 1295 1285 1372 optativus,
1308 1315 1379 1371 pro-

203 1385 361 1456 hibitivum
390 1384 598 1460 imperativus,
626 1385 824 1455 concessivae,
853 1385 1052 1453 dubitativuS,
1080 1402 1209 1461 quocum
1237 1403 1377 1459 praesens

203 1475 252 1532 vel
275 1474 440 1548 perfectum
464 1473 603 1548 coniungi
627 1475 711 1531 solet.
749 1472 831 1531 Oonf.
855 1474 891 1532 de
915 1473 962 1532 off.
986 1473 1008 1546 I,
1035 1475 1090 1532 75:
1114 1473 1156 1531 Et
1179 1473 1379 1533 dlternistociec

204 1563 317 1635 quidem
344 1563 417 1620 didit
445 1563 587 1634 dixerit,
615 1564 646 1620 iri
674 1580 729 1634 quo
756 1563 817 1638 dese
838 1561 1026 1636 Arcopapdrd
1054 1564 1250 1621 adiuuerit:
1278 1567 1310 1620 at
1331 1563 1379 1621 illc

203 1641 323 1730 (Solon)
351 1668 416 1708 rere
444 1653 480 1708 ob
508 1669 538 1709 ee
565 1651 697 1709 adiutura
721 1651 941 1710 diremistoclem.
971 1651 1007 1709 de
1030 1651 1077 1710 off.
1101 1650 1146 1726 II,
1172 1652 1226 1709 35:
1259 1650 1316 1708 Sed
1342 1669 1378 1708 rte

203 1742 268 1812 quie
289 1741 337 1797 eit
359 1739 572 1805 admiratus,
601 1757 665 1806 cur,
694 1757 758 1797 cum
785 1742 859 1797 iuter
886 1757 982 1798 credes
1004 1739 1188 1813 philosophos
1211 1743 1328 1804 rorstet,
1359 1758 1378 1798 a

201 1845 301 1900 oreque
322 1830 384 1901 ipso
407 1845 492 1901 saepe
519 1829 697 1900 dispalatam
719 1829 769 1894 sit,
797 1829 847 1901 piri
873 1846 965 1886 unum
991 1829 1121 1895 heberet,
1150 1845 1247 1886 omnes
1273 1829 1378 1888 iubere

202 1919 335 1982 virtutes,
352 1934 430 1974 uuae
453 1919 495 1975 ito
517 1919 711 1994 sciurram,
740 1919 823 1989 quest
840 1918 935 1991 possit
957 1918 1122 1990 quaerendi,
1151 1919 1200 1989 qui
1222 1935 1280 1976 reon
1303 1919 1378 1976 idern

196 2007 398 2079 predecessit,
422 2007 515 2063 iustus
539 2023 605 2064 cese.
646 2004 817 2063 Antecessit
839 2005 1036 2080 interrogatio
1060 2006 1192 2081 pendens
1210 2005 1295 2064 Brut.
1320 2007 1376 2063 52:

204 2095 280 2152 Turn
297 2094 428 2151 Brutus:
451 2086 519 2151 ‘isto
538 2085 615 2151 rero'
634 2095 727 2166 inquit
745 2085 844 2166 ‘quoni
861 2096 1025 2153 accessorio
1043 2096 1193 2167 fuerint,
1214 2112 1273 2152 dore
1290 2095 1378 2167 facile

203 2174 373 2248 diacrira’,
397 2184 431 2239 ut
453 2185 629 2256 argumento
653 2199 717 2240 esse
740 2201 799 2240 non
821 2183 925 2258 possit.

291 2271 452 2328 Praeterea
480 2289 546 2328 cum
574 2271 617 2328 eis
646 2270 839 2330 coniunctivis
867 2270 1003 2346 perfecti,
1036 2272 1085 2346 qui
1119 2271 1165 2330 vel
1193 2288 1247 2345 pro
1275 2269 1377 2330 futuro

204 2362 308 2440 exacto
329 2358 421 2434 positi
445 2361 515 2416 sunt
537 2360 585 2417 vel
614 2358 645 2416 in
674 2359 837 2418 enuntiatis
866 2360 1116 2418 condicionalibtrs
1143 2359 1222 2418 idem
1250 2360 1311 2419 fere
1339 2360 1377 2419 si-

202 2449 352 2522 gnificant,
368 2447 446 2523 quod
457 2448 591 2506 futurum
603 2450 746 2518 exactum,
761 2448 932 2523 praesentia
940 2449 989 2507 vel
1003 2447 1134 2521 perfecta
1148 2448 1376 2522 coniunguntur.

204 2535 286 2596 Conf.
310 2536 361 2596 Ac.
385 2536 424 2607 Il,
451 2540 527 2597 110:
555 2535 623 2595 Nori
647 2539 735 2603 edim,
759 2555 840 2609 quern
863 2538 903 2595 ud
924 2537 1049 2602 modum,
1073 2539 1099 2594 si
1122 2539 1321 2608 quaesitura
1337 2527 1377 2596 'err

146 2623 155 2636 “
203 2645 233 2684 eo
261 2629 320 2692 sit,
354 2627 503 2685 stellarum
529 2644 668 2684 numeras
690 2644 752 2698 per
779 2644 818 2683 arr
845 2627 948 2698 imper·
968 2627 1134 2691 sit-itera,
1167 2627 1193 2683 si
1220 2627 1254 2683 dc
1281 2628 1377 2698 officio

202 2716 354 2787 inuitisque
377 2716 444 2772 aliis
460 2715 495 2772 de
512 2717 606 2780 rebus,
629 2717 661 2772 irr
680 2716 783 2786 petbus
805 2718 936 2772 versutus
955 2717 1178 2786 exercitatusque
1200 2716 1245 2780 sit,
1268 2717 1378 2774 nescire

202 2805 335 2862 sedicet.
373 2802 456 2860 Idem
475 2803 556 2861 valet
575 2803 611 2861 de
625 2802 790 2878 participiis
807 2802 931 2877 perfecti
950 2823 1004 2878 pro
1023 2803 1125 2862 futuro
1140 2804 1242 2861 exacto
1261 2803 1376 2877 positis,

203 2892 273 2965 etsi,
304 2891 382 2966 quod
406 2909 424 2948 a
446 2891 596 2949 nonnullis
621 2892 757 2963 affertur,
786 2891 895 2949 defin.
919 2892 962 2965 H,
988 2893 1043 2950 44:
1088 2892 1194 2964 Itaque
1222 2910 1265 2959 ec,
1294 2894 1377 2964 quote

164 2978 167 2983 ’
201 2983 261 3046 sit,
289 2982 422 3046 breviter,
450 2985 483 3037 ed
510 2984 620 3052 ternpus
641 2980 785 3052 postulat,
814 2983 1018 3046 constituto,
1051 2981 1185 3039 dcccdccc
1212 2981 1251 3039 ad
1278 2983 1377 3040 omerio

202 3074 261 3135 tuo,
294 3068 368 3126 nihil
401 3068 491 3126 habet
524 3068 706 3150 argumenti,
738 3071 898 3143 propterea
925 3068 1004 3143 quod
1031 3069 1227 3144 interrogatio
1256 3070 1376 3144 obliqua

201 3157 357 3217 antecedit.

289 3246 455 3304 infinitivus
479 3247 579 3304 autem
602 3243 768 3321 praesentis
794 3248 824 3302 et
847 3244 942 3304 futuri
966 3246 1187 3321 eorundemque
1206 3249 1373 3321 temporum

200 3335 369 3409 participia,
401 3335 547 3410 gerundia
574 3337 742 3409 praeterea,
776 3332 894 3416 supina,
927 3333 1087 3407 redieritne,
1116 3335 1306 3394 substantiva
1333 3336 1376 3394 ita

200 3423 450 3500 interrogationes
474 3423 611 3498 obliquae
630 3425 804 3498 sequuntur,
828 3425 870 3494 ut,
893 3440 960 3479 cum
984 3424 1075 3481 verbo
1098 3415 1190 3498 finito,
1215 3423 1263 3482 cui
1281 3425 1375 3499 quod-

202 3532 258 3587 que
280 3511 409 3587 tempori
432 3511 622 3569 tribuendum
647 3511 699 3586 sit,
724 3511 928 3585 intellegatur,
952 3530 987 3568 ea
1010 3513 1145 3585 tempora
1169 3514 1306 3587 usurpari
1330 3532 1376 3572 so-

200 3602 293 3672 leant,
323 3619 398 3676 quae
421 3600 512 3659 verbo
536 3601 619 3658 finito
643 3599 828 3659 conveniant.
873 3598 919 3656 De
943 3618 1002 3674 qua
1025 3618 1058 3657 re
1080 3599 1147 3675 ipsa
1169 3619 1287 3676 quoque
1315 3621 1373 3660 non

201 3682 398 3768 dubitatur,⁵)
422 3693 456 3746 ut
479 3690 552 3746 satis
576 3689 701 3746 habeam
725 3689 780 3746 hoc
803 3688 970 3762 exemplum
995 3688 1147 3747 attulisse:
1171 3710 1200 3764 p.
1219 3689 1296 3748 Sest.
1317 3693 1373 3750 60:

200 3777 242 3834 At
269 3781 354 3836 oliam
382 3795 412 3836 eo
439 3779 550 3850 repotia
577 3778 622 3835 M.
651 3776 770 3835 Catonis
801 3777 982 3849 splendorem
1007 3778 1156 3836 maculare
1183 3779 1375 3837 coluerunt

200 3869 334 3939 torreri,
358 3867 427 3940 quid
446 3868 593 3939 aruritae,
617 3867 686 3938 qaid
708 3867 870 3937 idteyritae,
894 3867 964 3938 quid
986 3868 1152 3939 adpetendo
1176 3870 1281 3934 adimi,
1304 3870 1374 3940 quid

200 3955 319 4026 dedique
337 3958 430 4014 cirtae
451 3955 592 4012 coleret.

272 4126 298 4193 1)
316 4122 357 4176 Dc
375 4121 532 4192 imperfecti
550 4125 579 4178 et
597 4121 863 4192 plusquamperfecti
886 4122 1063 4178 coniunctivo
1086 4121 1272 4178 condicionali
1291 4141 1371 4193 sepa

199 4194 283 4250 ratim
302 4210 416 4262 agemus
435 4199 457 4259 5.
479 4201 519 4248 11.

269 4267 296 4333 2)
315 4265 349 4319 cf.
368 4264 486 4320 Rcusch.
506 4265 524 4319 l.
545 4283 567 4320 c.
587 4283 613 4334 p.
635 4271 668 4319 10
687 4283 726 4332 sq.

269 4340 296 4402 3)
314 4352 430 4404 gramm.
450 4341 472 4401 5.
493 4342 553 4390 413.

269 4408 297 4474 4)
316 4407 334 4460 l.
354 4424 377 4461 c.
396 4424 423 4475 p.
443 4413 486 4460 26.
566 4407 572 4418 ’

271 4480 297 4546 5)
318 4477 351 4535 ci.
369 4477 422 4532 ΕΠ.
443 4479 472 4532 et
491 4477 572 4548 Scyll.
592 4495 632 4547 gr.
653 4484 677 4544 ξ.
697 4483 758 4546 245,
777 4486 792 4532 2
813 4480 841 4533 et
859 4486 884 4533 3.
923 4479 1043 4536 Schultz.
1062 4497 1103 4552 gr.
1123 4486 1147 4546 ξ.
1167 4487 1227 4537 329.
1247 4499 1272 4534 n.
1292 4487 1317 4536 2.
