<?xml version="1.0" encoding="UTF-8"?>
<!DOCTYPE html PUBLIC "-//W3C//DTD XHTML 1.0 Transitional//EN"
    "http://www.w3.org/TR/xhtml1/DTD/xhtml1-transitional.dtd">
<html xmlns="http://www.w3.org/1999/xhtml" xml:lang="en" lang="en">
 <head>
  <title>
</title>
<meta http-equiv="Content-Type" content="text/html;charset=utf-8" />
  <meta name='ocr-system' content='tesseract 3.04.00' />
  <meta name='ocr-capabilities' content='ocr_page ocr_carea ocr_par ocr_line ocrx_word'/>
</head>
<body>
  <div class='ocr_page' id='page_1' title='image "./deconsecutionet00wetzgoog_0015.png"; bbox 0 0 3366 5266; ppageno 0'>
   <div class='ocr_carea' id='block_1_1' title="bbox 779 357 994 443">
    <p class='ocr_par' dir='ltr' id='par_1_1' title="bbox 779 357 994 443">
     <span class='ocr_line' id='line_1_1' title="bbox 779 357 994 443; baseline 0 -23"><span class='ocrx_word' id='word_1_1' title='bbox 779 357 994 443; x_wconf 59' lang='lat' dir='ltr'>÷1o-</span> 
     </span>
    </p>
   </div>
   <div class='ocr_carea' id='block_1_2' title="bbox 304 521 1476 1308">
    <p class='ocr_par' dir='ltr' id='par_1_2' title="bbox 304 521 1476 1308">
     <span class='ocr_line' id='line_1_2' title="bbox 305 521 1475 600; baseline 0.002 -18"><span class='ocrx_word' id='word_1_2' title='bbox 305 522 590 600; x_wconf 76' lang='lat' dir='ltr'>quamperfe&#39;cto,</span> <span class='ocrx_word' id='word_1_3' title='bbox 618 521 780 596; x_wconf 85' lang='lat' dir='ltr'>perfecto</span> <span class='ocrx_word' id='word_1_4' title='bbox 808 523 1003 594; x_wconf 76' lang='lat' dir='ltr'><strong>historice,</strong></span> <span class='ocrx_word' id='word_1_5' title='bbox 1032 523 1243 597; x_wconf 88' lang='lat' dir='ltr'>plerumque</span> <span class='ocrx_word' id='word_1_6' title='bbox 1267 523 1375 582; x_wconf 87' lang='lat' dir='ltr'>etiam</span> <span class='ocrx_word' id='word_1_7' title='bbox 1399 545 1475 584; x_wconf 91' lang='lat' dir='ltr'>cum</span> 
     </span>
     <span class='ocr_line' id='line_1_3' title="bbox 304 610 1476 690; baseline 0.003 -19"><span class='ocrx_word' id='word_1_8' title='bbox 304 613 468 690; x_wconf 88' lang='lat' dir='ltr'>perfecto</span> <span class='ocrx_word' id='word_1_9' title='bbox 488 611 619 685; x_wconf 82' lang='lat' dir='ltr'>logico,</span> <span class='ocrx_word' id='word_1_10' title='bbox 640 611 730 685; x_wconf 91' lang='lat' dir='ltr'>quod</span> <span class='ocrx_word' id='word_1_11' title='bbox 745 614 886 684; x_wconf 88' lang='lat' dir='ltr'>vocant,</span> <span class='ocrx_word' id='word_1_12' title='bbox 901 610 1002 669; x_wconf 89' lang='lat' dir='ltr'>verbi</span> <span class='ocrx_word' id='word_1_13' title='bbox 1016 612 1179 686; x_wconf 87' lang='lat' dir='ltr'>regentis</span> <span class='ocrx_word' id='word_1_14' title='bbox 1195 612 1366 688; x_wconf 87' lang='lat' dir='ltr'>coniungi</span> <span class='ocrx_word' id='word_1_15' title='bbox 1380 616 1476 674; x_wconf 90' lang='lat' dir='ltr'>solet</span> 
     </span>
     <span class='ocr_line' id='line_1_4' title="bbox 305 699 1474 776; baseline -0.001 -15"><span class='ocrx_word' id='word_1_16' title='bbox 305 701 558 776; x_wconf 84' lang='lat' dir='ltr'>imperfectum</span> <span class='ocrx_word' id='word_1_17' title='bbox 576 700 634 758; x_wconf 86' lang='lat' dir='ltr'>vel</span> <span class='ocrx_word' id='word_1_18' title='bbox 647 699 1046 774; x_wconf 70' lang='lat' dir='ltr'>plusquamperfectum</span> <span class='ocrx_word' id='word_1_19' title='bbox 1061 701 1242 760; x_wconf 89' lang='lat' dir='ltr'>enuntiati</span> <span class='ocrx_word' id='word_1_20' title='bbox 1258 703 1474 762; x_wconf 83' lang='lat' dir='ltr'>secundarii.</span> 
     </span>
     <span class='ocr_line' id='line_1_5' title="bbox 304 787 1476 865; baseline 0.002 -17"><span class='ocrx_word' id='word_1_21' title='bbox 304 791 393 849; x_wconf 88' lang='lat' dir='ltr'>Mitto</span> <span class='ocrx_word' id='word_1_22' title='bbox 417 808 481 846; x_wconf 90' lang='lat' dir='ltr'>rem</span> <span class='ocrx_word' id='word_1_23' title='bbox 503 787 690 846; x_wconf 88' lang='lat' dir='ltr'>notissimam</span> <span class='ocrx_word' id='word_1_24' title='bbox 715 789 857 863; x_wconf 82' lang='lat' dir='ltr'>exemplis</span> <span class='ocrx_word' id='word_1_25' title='bbox 880 789 1020 864; x_wconf 86' lang='lat' dir='ltr'>probare:</span> <span class='ocrx_word' id='word_1_26' title='bbox 1049 789 1103 848; x_wconf 89' lang='lat' dir='ltr'>hoe</span> <span class='ocrx_word' id='word_1_27' title='bbox 1127 809 1218 847; x_wconf 91' lang='lat' dir='ltr'>unum</span> <span class='ocrx_word' id='word_1_28' title='bbox 1242 809 1359 865; x_wconf 87' lang='lat' dir='ltr'>moneo,</span> <span class='ocrx_word' id='word_1_29' title='bbox 1384 793 1476 850; x_wconf 89' lang='lat' dir='ltr'>etiam</span> 
     </span>
     <span class='ocr_line' id='line_1_6' title="bbox 304 877 1474 955; baseline 0 -17"><span class='ocrx_word' id='word_1_30' title='bbox 304 883 369 938; x_wconf 91' lang='lat' dir='ltr'>tum</span> <span class='ocrx_word' id='word_1_31' title='bbox 383 878 590 952; x_wconf 86' lang='lat' dir='ltr'>imperfectum</span> <span class='ocrx_word' id='word_1_32' title='bbox 606 877 754 951; x_wconf 85' lang='lat' dir='ltr'>usurpari,</span> <span class='ocrx_word' id='word_1_33' title='bbox 770 877 795 935; x_wconf 92' lang='lat' dir='ltr'>si</span> <span class='ocrx_word' id='word_1_34' title='bbox 804 877 1037 952; x_wconf 80' lang='lat' dir='ltr'>interrogatione</span> <span class='ocrx_word' id='word_1_35' title='bbox 1047 877 1168 953; x_wconf 89' lang='lat' dir='ltr'>obliqua</span> <span class='ocrx_word' id='word_1_36' title='bbox 1178 897 1213 936; x_wconf 88' lang='lat' dir='ltr'>ea</span> <span class='ocrx_word' id='word_1_37' title='bbox 1222 897 1271 936; x_wconf 88' lang='lat' dir='ltr'>res</span> <span class='ocrx_word' id='word_1_38' title='bbox 1282 879 1474 955; x_wconf 86' lang='lat' dir='ltr'>exprimatur,</span> 
     </span>
     <span class='ocr_line' id='line_1_7' title="bbox 305 965 1474 1043; baseline 0.003 -18"><span class='ocrx_word' id='word_1_39' title='bbox 305 987 381 1043; x_wconf 91' lang='lat' dir='ltr'>quae</span> <span class='ocrx_word' id='word_1_40' title='bbox 410 966 545 1026; x_wconf 89' lang='lat' dir='ltr'>omnibus</span> <span class='ocrx_word' id='word_1_41' title='bbox 574 965 759 1040; x_wconf 85' lang='lat' dir='ltr'>temporibus</span> <span class='ocrx_word' id='word_1_42' title='bbox 783 966 896 1037; x_wconf 90' lang='lat' dir='ltr'>valeat,</span> <span class='ocrx_word' id='word_1_43' title='bbox 924 966 1063 1040; x_wconf 82' lang='lat' dir='ltr'>qualibus</span> <span class='ocrx_word' id='word_1_44' title='bbox 1087 967 1159 1025; x_wconf 91' lang='lat' dir='ltr'>locis</span> <span class='ocrx_word' id='word_1_45' title='bbox 1182 969 1213 1025; x_wconf 91' lang='lat' dir='ltr'>in</span> <span class='ocrx_word' id='word_1_46' title='bbox 1236 970 1318 1025; x_wconf 90' lang='lat' dir='ltr'>recta</span> <span class='ocrx_word' id='word_1_47' title='bbox 1342 969 1474 1028; x_wconf 87' lang='lat' dir='ltr'>oratione</span> 
     </span>
     <span class='ocr_line' id='line_1_8' title="bbox 304 1045 1475 1134; baseline 0.001 -19"><span class='ocrx_word' id='word_1_48' title='bbox 304 1055 455 1134; x_wconf 80' lang='lat' dir='ltr'>praesenti</span> <span class='ocrx_word' id='word_1_49' title='bbox 466 1054 588 1113; x_wconf 88' lang='lat' dir='ltr'>utimur.</span> <span class='ocrx_word' id='word_1_50' title='bbox 596 1045 620 1132; x_wconf 87' lang='lat'>¹)</span> <span class='ocrx_word' id='word_1_51' title='bbox 639 1053 717 1111; x_wconf 84' lang='lat' dir='ltr'>Nam</span> <span class='ocrx_word' id='word_1_52' title='bbox 727 1054 753 1112; x_wconf 92' lang='lat' dir='ltr'>si</span> <span class='ocrx_word' id='word_1_53' title='bbox 763 1054 888 1112; x_wconf 85' lang='lat' dir='ltr'>dicimus</span> <span class='ocrx_word' id='word_1_54' title='bbox 899 1047 1120 1126; x_wconf 71' lang='lat' dir='ltr'>‘quaesiverunt</span> <span class='ocrx_word' id='word_1_55' title='bbox 1131 1074 1202 1114; x_wconf 93' lang='lat' dir='ltr'>num</span> <span class='ocrx_word' id='word_1_56' title='bbox 1210 1051 1475 1124; x_wconf 85' lang='lat' dir='ltr'>terrameeeretur’,</span> 
     </span>
     <span class='ocr_line' id='line_1_9' title="bbox 305 1143 1474 1220; baseline 0.003 -18"><span class='ocrx_word' id='word_1_57' title='bbox 305 1146 444 1220; x_wconf 87' lang='lat' dir='ltr'>quoniam</span> <span class='ocrx_word' id='word_1_58' title='bbox 472 1163 525 1218; x_wconf 88' lang='lat' dir='ltr'>per</span> <span class='ocrx_word' id='word_1_59' title='bbox 555 1143 653 1201; x_wconf 90' lang='lat' dir='ltr'>omnia</span> <span class='ocrx_word' id='word_1_60' title='bbox 679 1145 816 1218; x_wconf 89' lang='lat' dir='ltr'>tempora</span> <span class='ocrx_word' id='word_1_61' title='bbox 842 1144 925 1201; x_wconf 85' lang='lat' dir='ltr'>terra</span> <span class='ocrx_word' id='word_1_62' title='bbox 946 1146 1094 1216; x_wconf 81' lang='lat' dir='ltr'>movetur,</span> <span class='ocrx_word' id='word_1_63' title='bbox 1128 1144 1273 1202; x_wconf 89' lang='lat' dir='ltr'>eiusmodi</span> <span class='ocrx_word' id='word_1_64' title='bbox 1297 1145 1369 1205; x_wconf 88' lang='lat' dir='ltr'>locis</span> <span class='ocrx_word' id='word_1_65' title='bbox 1392 1148 1474 1206; x_wconf 75' lang='lat' dir='ltr'>niillo</span> 
     </span>
     <span class='ocr_line' id='line_1_10' title="bbox 304 1231 1474 1308; baseline 0.001 -16"><span class='ocrx_word' id='word_1_66' title='bbox 304 1234 391 1293; x_wconf 91' lang='lat' dir='ltr'>modo</span> <span class='ocrx_word' id='word_1_67' title='bbox 419 1232 484 1292; x_wconf 92' lang='lat' dir='ltr'>fieri</span> <span class='ocrx_word' id='word_1_68' title='bbox 511 1250 610 1307; x_wconf 85' lang='lat' dir='ltr'>posse,</span> <span class='ocrx_word' id='word_1_69' title='bbox 638 1234 673 1289; x_wconf 93' lang='lat' dir='ltr'>ut</span> <span class='ocrx_word' id='word_1_70' title='bbox 700 1231 883 1306; x_wconf 81' lang='lat' dir='ltr'>temporibus</span> <span class='ocrx_word' id='word_1_71' title='bbox 911 1232 1155 1305; x_wconf 81' lang='lat' dir='ltr'>interrogationis</span> <span class='ocrx_word' id='word_1_72' title='bbox 1185 1234 1322 1308; x_wconf 89' lang='lat' dir='ltr'>obliquae</span> <span class='ocrx_word' id='word_1_73' title='bbox 1351 1235 1474 1293; x_wconf 88' lang='lat' dir='ltr'>candem</span> 
     </span>
    </p>
   </div>
   <div class='ocr_carea' id='block_1_3' title="bbox 213 1319 1474 1398">
    <p class='ocr_par' dir='ltr' id='par_1_3' title="bbox 213 1319 1474 1398">
     <span class='ocr_line' id='line_1_11' title="bbox 213 1319 1474 1398; baseline 0.001 -17"><span class='ocrx_word' id='word_1_74' title='bbox 213 1321 215 1328; x_wconf 75' lang='grc'>’</span> <span class='ocrx_word' id='word_1_75' title='bbox 304 1324 366 1382; x_wconf 84' lang='lat' dir='ltr'>vim</span> <span class='ocrx_word' id='word_1_76' title='bbox 393 1340 458 1380; x_wconf 89' lang='lat' dir='ltr'>esse</span> <span class='ocrx_word' id='word_1_77' title='bbox 486 1339 575 1394; x_wconf 88' lang='lat' dir='ltr'>quam</span> <span class='ocrx_word' id='word_1_78' title='bbox 602 1319 788 1394; x_wconf 85' lang='lat' dir='ltr'>temporibus</span> <span class='ocrx_word' id='word_1_79' title='bbox 816 1320 968 1379; x_wconf 83' lang='lat' dir='ltr'>indicativi</span> <span class='ocrx_word' id='word_1_80' title='bbox 994 1323 1147 1395; x_wconf 87' lang='lat' dir='ltr'>putemus,</span> <span class='ocrx_word' id='word_1_81' title='bbox 1176 1321 1304 1380; x_wconf 86' lang='lat' dir='ltr'>forsitan</span> <span class='ocrx_word' id='word_1_82' title='bbox 1326 1323 1474 1398; x_wconf 89' lang='lat' dir='ltr'>quispiam</span> 
     </span>
    </p>
   </div>
   <div class='ocr_carea' id='block_1_4' title="bbox 305 1409 1475 2185">
    <p class='ocr_par' dir='ltr' id='par_1_4' title="bbox 305 1409 1475 2185">
     <span class='ocr_line' id='line_1_12' title="bbox 305 1409 1474 1484; baseline 0.002 -16"><span class='ocrx_word' id='word_1_83' title='bbox 305 1411 421 1471; x_wconf 86' lang='lat' dir='ltr'>dixerit.</span> <span class='ocrx_word' id='word_1_84' title='bbox 476 1409 518 1466; x_wconf 83' lang='lat' dir='ltr'>At</span> <span class='ocrx_word' id='word_1_85' title='bbox 549 1412 632 1467; x_wconf 87' lang='lat' dir='ltr'>terra</span> <span class='ocrx_word' id='word_1_86' title='bbox 663 1428 723 1467; x_wconf 92' lang='lat' dir='ltr'>non</span> <span class='ocrx_word' id='word_1_87' title='bbox 760 1409 857 1468; x_wconf 89' lang='lat' dir='ltr'>solum</span> <span class='ocrx_word' id='word_1_88' title='bbox 892 1429 971 1468; x_wconf 88' lang='lat' dir='ltr'>nunc</span> <span class='ocrx_word' id='word_1_89' title='bbox 1006 1414 1156 1484; x_wconf 81' lang='lat' dir='ltr'>movetur,</span> <span class='ocrx_word' id='word_1_90' title='bbox 1194 1410 1246 1469; x_wconf 92' lang='lat' dir='ltr'>se&#39;d</span> <span class='ocrx_word' id='word_1_91' title='bbox 1283 1411 1372 1468; x_wconf 90' lang='lat' dir='ltr'>etiam</span> <span class='ocrx_word' id='word_1_92' title='bbox 1410 1415 1474 1470; x_wconf 87' lang='lat' dir='ltr'>turn</span> 
     </span>
     <span class='ocr_line' id='line_1_13' title="bbox 305 1491 1475 1580; baseline 0.001 -22"><span class='ocrx_word' id='word_1_93' title='bbox 305 1500 495 1574; x_wconf 84' lang='lat' dir='ltr'>movebatur,</span> <span class='ocrx_word' id='word_1_94' title='bbox 525 1517 592 1555; x_wconf 88' lang='lat' dir='ltr'>cum</span> <span class='ocrx_word' id='word_1_95' title='bbox 620 1497 666 1555; x_wconf 91' lang='lat' dir='ltr'>illi</span> <span class='ocrx_word' id='word_1_96' title='bbox 699 1497 919 1572; x_wconf 87' lang='lat' dir='ltr'>quaesiverunt.</span> <span class='ocrx_word' id='word_1_97' title='bbox 966 1497 1011 1556; x_wconf 87' lang='lat' dir='ltr'>Ac</span> <span class='ocrx_word' id='word_1_98' title='bbox 1044 1498 1069 1556; x_wconf 92' lang='lat' dir='ltr'>si</span> <span class='ocrx_word' id='word_1_99' title='bbox 1100 1499 1179 1574; x_wconf 88' lang='lat' dir='ltr'>apud</span> <span class='ocrx_word' id='word_1_100' title='bbox 1210 1491 1399 1580; x_wconf 68' lang='lat' dir='ltr'>Horatium2)</span> <span class='ocrx_word' id='word_1_101' title='bbox 1433 1501 1475 1559; x_wconf 88' lang='lat' dir='ltr'>sic</span> 
     </span>
     <span class='ocr_line' id='line_1_14' title="bbox 306 1587 622 1663; baseline -0.013 -15"><span class='ocrx_word' id='word_1_102' title='bbox 306 1588 451 1663; x_wconf 86' lang='lat' dir='ltr'>scriptum</span> <span class='ocrx_word' id='word_1_103' title='bbox 473 1587 622 1646; x_wconf 87' lang='lat' dir='ltr'>videmus:</span> 
     </span>
     <span class='ocr_line' id='line_1_15' title="bbox 956 1677 1007 1734; baseline 0 0"><span class='ocrx_word' id='word_1_104' title='bbox 956 1677 1007 1734; x_wconf 88' lang='lat' dir='ltr'>din</span> 
     </span>
     <span class='ocr_line' id='line_1_16' title="bbox 572 1765 1016 1842; baseline 0.002 -21"><span class='ocrx_word' id='word_1_105' title='bbox 572 1765 713 1842; x_wconf 59' lang='grc' dir='ltr'>ιΙΙΙΙΙΙΙΙΙΙ</span> <span class='ocrx_word' id='word_1_106' title='bbox 735 1766 864 1822; x_wconf 83' lang='lat' dir='ltr'>victrices</span> <span class='ocrx_word' id='word_1_107' title='bbox 886 1768 1016 1822; x_wconf 83' lang='lat' dir='ltr'>catervae</span> 
     </span>
     <span class='ocr_line' id='line_1_17' title="bbox 654 1851 1069 1912; baseline 0.002 -2"><span class='ocrx_word' id='word_1_108' title='bbox 654 1851 790 1912; x_wconf 74' lang='lat' dir='ltr'>Consiliis</span> <span class='ocrx_word' id='word_1_109' title='bbox 811 1855 923 1911; x_wconf 86' lang='lat' dir='ltr'>iuuenis</span> <span class='ocrx_word' id='word_1_110' title='bbox 946 1855 1069 1911; x_wconf 82' lang='lat' dir='ltr'>revictae</span> 
     </span>
     <span class='ocr_line' id='line_1_18' title="bbox 517 1942 1154 2020; baseline 0 -20"><span class='ocrx_word' id='word_1_111' title='bbox 517 1942 647 2020; x_wconf 71' lang='lat' dir='ltr'>densere,</span> <span class='ocrx_word' id='word_1_112' title='bbox 671 1943 741 2013; x_wconf 86' lang='lat' dir='ltr'>quid</span> <span class='ocrx_word' id='word_1_113' title='bbox 761 1959 854 2008; x_wconf 90' lang='lat' dir='ltr'>mens,</span> <span class='ocrx_word' id='word_1_114' title='bbox 877 1944 932 2000; x_wconf 88' lang='lat' dir='ltr'>rite</span> <span class='ocrx_word' id='word_1_115' title='bbox 954 1944 1023 2014; x_wconf 85' lang='lat' dir='ltr'>quid</span> <span class='ocrx_word' id='word_1_116' title='bbox 1045 1943 1154 2000; x_wconf 77' lang='lat' dir='ltr'>indoles</span> 
     </span>
     <span class='ocr_line' id='line_1_19' title="bbox 519 2031 1062 2103; baseline 0 -15"><span class='ocrx_word' id='word_1_117' title='bbox 519 2031 640 2089; x_wconf 86' lang='lat' dir='ltr'>Nutrita</span> <span class='ocrx_word' id='word_1_118' title='bbox 663 2032 770 2102; x_wconf 81' lang='lat' dir='ltr'>faustis</span> <span class='ocrx_word' id='word_1_119' title='bbox 792 2033 844 2089; x_wconf 89' lang='lat' dir='ltr'>sub</span> <span class='ocrx_word' id='word_1_120' title='bbox 863 2032 1062 2103; x_wconf 74' lang='lat' dir='ltr'>penetralibus</span> 
     </span>
     <span class='ocr_line' id='line_1_20' title="bbox 584 2119 695 2185; baseline 0 -9"><span class='ocrx_word' id='word_1_121' title='bbox 584 2119 695 2185; x_wconf 86' lang='lat' dir='ltr'>Posset,</span> 
     </span>
    </p>
   </div>
   <div class='ocr_carea' id='block_1_5' title="bbox 306 2242 1504 4176">
    <p class='ocr_par' dir='ltr' id='par_1_5' title="bbox 306 2242 1477 3470">
     <span class='ocr_line' id='line_1_21' title="bbox 306 2242 1476 2304; baseline -0.001 0"><span class='ocrx_word' id='word_1_122' title='bbox 306 2244 469 2304; x_wconf 87' lang='lat' dir='ltr'>tenendum</span> <span class='ocrx_word' id='word_1_123' title='bbox 501 2246 547 2302; x_wconf 89' lang='lat' dir='ltr'>est</span> <span class='ocrx_word' id='word_1_124' title='bbox 581 2245 713 2300; x_wconf 89' lang='lat' dir='ltr'>mentem</span> <span class='ocrx_word' id='word_1_125' title='bbox 745 2244 775 2300; x_wconf 87' lang='lat' dir='ltr'>et</span> <span class='ocrx_word' id='word_1_126' title='bbox 809 2242 938 2301; x_wconf 90' lang='lat' dir='ltr'>indolem</span> <span class='ocrx_word' id='word_1_127' title='bbox 972 2243 1029 2301; x_wconf 90' lang='lat' dir='ltr'>rite</span> <span class='ocrx_word' id='word_1_128' title='bbox 1061 2242 1206 2300; x_wconf 88' lang='lat' dir='ltr'>nutritam</span> <span class='ocrx_word' id='word_1_129' title='bbox 1240 2261 1307 2301; x_wconf 90' lang='lat' dir='ltr'>eum</span> <span class='ocrx_word' id='word_1_130' title='bbox 1339 2244 1476 2303; x_wconf 87' lang='lat' dir='ltr'>omnibus</span> 
     </span>
     <span class='ocr_line' id='line_1_22' title="bbox 307 2331 1476 2407; baseline 0 -16"><span class='ocrx_word' id='word_1_131' title='bbox 307 2333 457 2391; x_wconf 88' lang='lat' dir='ltr'>aetatibus</span> <span class='ocrx_word' id='word_1_132' title='bbox 490 2333 618 2390; x_wconf 91' lang='lat' dir='ltr'>multum</span> <span class='ocrx_word' id='word_1_133' title='bbox 651 2332 750 2391; x_wconf 90' lang='lat' dir='ltr'>valere</span> <span class='ocrx_word' id='word_1_134' title='bbox 783 2332 848 2388; x_wconf 92' lang='lat' dir='ltr'>tum</span> <span class='ocrx_word' id='word_1_135' title='bbox 884 2331 936 2389; x_wconf 91' lang='lat' dir='ltr'>illo</span> <span class='ocrx_word' id='word_1_136' title='bbox 970 2335 1103 2406; x_wconf 89' lang='lat' dir='ltr'>tempore</span> <span class='ocrx_word' id='word_1_137' title='bbox 1135 2331 1298 2406; x_wconf 90' lang='lat' dir='ltr'>plurimum</span> <span class='ocrx_word' id='word_1_138' title='bbox 1333 2333 1476 2407; x_wconf 87' lang='lat' dir='ltr'>potuisse,</span> 
     </span>
     <span class='ocr_line' id='line_1_23' title="bbox 307 2419 1477 2493; baseline 0.001 -13"><span class='ocrx_word' id='word_1_139' title='bbox 307 2426 337 2480; x_wconf 92' lang='lat' dir='ltr'>et</span> <span class='ocrx_word' id='word_1_140' title='bbox 360 2441 444 2493; x_wconf 83' lang='lat' dir='ltr'>vero,</span> <span class='ocrx_word' id='word_1_141' title='bbox 473 2421 498 2479; x_wconf 92' lang='lat' dir='ltr'>si</span> <span class='ocrx_word' id='word_1_142' title='bbox 521 2423 660 2479; x_wconf 89' lang='lat' dir='ltr'>accurate</span> <span class='ocrx_word' id='word_1_143' title='bbox 684 2419 821 2493; x_wconf 80' lang='lat' dir='ltr'>dicimus,</span> <span class='ocrx_word' id='word_1_144' title='bbox 849 2439 907 2478; x_wconf 90' lang='lat' dir='ltr'>non</span> <span class='ocrx_word' id='word_1_145' title='bbox 936 2419 1023 2491; x_wconf 88' lang='lat' dir='ltr'>illud,</span> <span class='ocrx_word' id='word_1_146' title='bbox 1054 2419 1106 2478; x_wconf 90' lang='lat' dir='ltr'>sed</span> <span class='ocrx_word' id='word_1_147' title='bbox 1129 2421 1187 2482; x_wconf 92' lang='lat' dir='ltr'>hoc</span> <span class='ocrx_word' id='word_1_148' title='bbox 1210 2419 1382 2480; x_wconf 89' lang='lat' dir='ltr'>Vindelicos</span> <span class='ocrx_word' id='word_1_149' title='bbox 1413 2441 1477 2480; x_wconf 89' lang='lat' dir='ltr'>sen-</span> 
     </span>
     <span class='ocr_line' id='line_1_24' title="bbox 307 2507 1477 2584; baseline 0 -15"><span class='ocrx_word' id='word_1_150' title='bbox 307 2511 391 2569; x_wconf 88' lang='lat' dir='ltr'>sisse</span> <span class='ocrx_word' id='word_1_151' title='bbox 437 2509 532 2584; x_wconf 89' lang='lat' dir='ltr'>Atqui</span> <span class='ocrx_word' id='word_1_152' title='bbox 560 2509 713 2584; x_wconf 90' lang='lat' dir='ltr'>proprium</span> <span class='ocrx_word' id='word_1_153' title='bbox 747 2511 794 2568; x_wconf 88' lang='lat' dir='ltr'>est</span> <span class='ocrx_word' id='word_1_154' title='bbox 826 2509 970 2567; x_wconf 88' lang='lat' dir='ltr'>sermonis</span> <span class='ocrx_word' id='word_1_155' title='bbox 999 2507 1064 2567; x_wconf 86' lang='lat' dir='ltr'>Lat&#39;</span> <span class='ocrx_word' id='word_1_156' title='bbox 1043 2508 1099 2566; x_wconf 87' lang='lat' dir='ltr'>tini</span> <span class='ocrx_word' id='word_1_157' title='bbox 1127 2509 1158 2565; x_wconf 92' lang='lat' dir='ltr'>in</span> <span class='ocrx_word' id='word_1_158' title='bbox 1190 2528 1267 2566; x_wconf 90' lang='lat' dir='ltr'>enun</span> <span class='ocrx_word' id='word_1_159' title='bbox 1272 2509 1344 2569; x_wconf 88' lang='lat' dir='ltr'>tiata</span> <span class='ocrx_word' id='word_1_160' title='bbox 1376 2529 1477 2569; x_wconf 89' lang='lat' dir='ltr'>secun-</span> 
     </span>
     <span class='ocr_line' id='line_1_25' title="bbox 307 2597 1504 2673; baseline 0.001 -17"><span class='ocrx_word' id='word_1_161' title='bbox 307 2599 389 2658; x_wconf 90' lang='lat' dir='ltr'>dario</span> <span class='ocrx_word' id='word_1_162' title='bbox 412 2616 467 2673; x_wconf 90' lang='lat' dir='ltr'>pro</span> <span class='ocrx_word' id='word_1_163' title='bbox 490 2598 643 2672; x_wconf 84' lang='lat' dir='ltr'>praesenti</span> <span class='ocrx_word' id='word_1_164' title='bbox 665 2597 711 2654; x_wconf 92' lang='lat' dir='ltr'>uti</span> <span class='ocrx_word' id='word_1_165' title='bbox 728 2597 902 2672; x_wconf 86' lang='lat' dir='ltr'>imperfecto</span> <span class='ocrx_word' id='word_1_166' title='bbox 926 2598 1017 2655; x_wconf 88' lang='lat' dir='ltr'>etiam</span> <span class='ocrx_word' id='word_1_167' title='bbox 1039 2597 1204 2668; x_wconf 84' lang='lat' dir='ltr'>indicativi</span> <span class='ocrx_word' id='word_1_168' title='bbox 1229 2599 1308 2671; x_wconf 91' lang='lat' dir='ltr'>quod</span> <span class='ocrx_word' id='word_1_169' title='bbox 1331 2598 1504 2658; x_wconf 88' lang='lat' dir='ltr'>actionem</span> 
     </span>
     <span class='ocr_line' id='line_1_26' title="bbox 307 2685 1477 2762; baseline -0.001 -16"><span class='ocrx_word' id='word_1_170' title='bbox 307 2689 357 2746; x_wconf 84' lang='lat' dir='ltr'>vel</span> <span class='ocrx_word' id='word_1_171' title='bbox 388 2707 452 2746; x_wconf 86' lang='lat' dir='ltr'>rem</span> <span class='ocrx_word' id='word_1_172' title='bbox 489 2687 637 2744; x_wconf 88' lang='lat' dir='ltr'>enuntiati</span> <span class='ocrx_word' id='word_1_173' title='bbox 611 2685 836 2744; x_wconf 88' lang='lat' dir='ltr'>tseeundarii</span> <span class='ocrx_word' id='word_1_174' title='bbox 873 2686 1012 2744; x_wconf 91' lang='lat' dir='ltr'>subiunet</span> <span class='ocrx_word' id='word_1_175' title='bbox 999 2690 1061 2744; x_wconf 90' lang='lat' dir='ltr'>tam</span> <span class='ocrx_word' id='word_1_176' title='bbox 1100 2705 1165 2744; x_wconf 89' lang='lat' dir='ltr'>esse</span> <span class='ocrx_word' id='word_1_177' title='bbox 1202 2686 1311 2744; x_wconf 90' lang='lat' dir='ltr'>actioni</span> <span class='ocrx_word' id='word_1_178' title='bbox 1343 2688 1477 2762; x_wconf 87' lang='lat' dir='ltr'>primarii</span> 
     </span>
     <span class='ocr_line' id='line_1_27' title="bbox 306 2773 1477 2851; baseline -0.001 -17"><span class='ocrx_word' id='word_1_179' title='bbox 306 2776 488 2851; x_wconf 85' lang='lat' dir='ltr'>praeteritae</span> <span class='ocrx_word' id='word_1_180' title='bbox 511 2774 675 2834; x_wconf 89' lang='lat' dir='ltr'>clariust</span> <span class='ocrx_word' id='word_1_181' title='bbox 645 2775 735 2833; x_wconf 88' lang='lat' dir='ltr'>etiam</span> <span class='ocrx_word' id='word_1_182' title='bbox 758 2777 893 2850; x_wconf 89' lang='lat' dir='ltr'>tempore</span> <span class='ocrx_word' id='word_1_183' title='bbox 916 2775 1072 2850; x_wconf 85' lang='lat' dir='ltr'>significet.</span> <span class='ocrx_word' id='word_1_184' title='bbox 1119 2773 1213 2843; x_wconf 80' lang='lat' dir='ltr'>Quem</span> <span class='ocrx_word' id='word_1_185' title='bbox 1241 2775 1360 2849; x_wconf 88' lang='lat' dir='ltr'>quidem</span> <span class='ocrx_word' id='word_1_186' title='bbox 1390 2795 1477 2834; x_wconf 91' lang='lat' dir='ltr'>usum</span> 
     </span>
     <span class='ocr_line' id='line_1_28' title="bbox 308 2862 1476 2939; baseline 0 -17"><span class='ocrx_word' id='word_1_187' title='bbox 308 2865 516 2923; x_wconf 86' lang='lat' dir='ltr'>attractionem</span> <span class='ocrx_word' id='word_1_188' title='bbox 543 2866 712 2938; x_wconf 88' lang='lat' dir='ltr'>temporum</span> <span class='ocrx_word' id='word_1_189' title='bbox 739 2863 929 2937; x_wconf 87' lang='lat' dir='ltr'>grammatici</span> <span class='ocrx_word' id='word_1_190' title='bbox 952 2866 1147 2934; x_wconf 86' lang='lat' dir='ltr'>vocaverunt,</span> <span class='ocrx_word' id='word_1_191' title='bbox 1121 2862 1212 2920; x_wconf 88' lang='lat' dir='ltr'>tde</span> <span class='ocrx_word' id='word_1_192' title='bbox 1235 2882 1294 2937; x_wconf 89' lang='lat' dir='ltr'>qua</span> <span class='ocrx_word' id='word_1_193' title='bbox 1322 2865 1440 2939; x_wconf 91' lang='lat' dir='ltr'>plura</span> <span class='ocrx_word' id='word_1_194' title='bbox 1432 2885 1476 2922; x_wconf 88' lang='lat'>111-</span> 
     </span>
     <span class='ocr_line' id='line_1_29' title="bbox 308 2907 1477 3030; baseline -0.002 -17"><span class='ocrx_word' id='word_1_195' title='bbox 308 2954 408 3013; x_wconf 87' lang='lat' dir='ltr'>venies</span> <span class='ocrx_word' id='word_1_196' title='bbox 437 2952 517 3027; x_wconf 92' lang='lat' dir='ltr'>apud</span> <span class='ocrx_word' id='word_1_197' title='bbox 540 2952 718 3010; x_wconf 89' lang='lat' dir='ltr'>Petersium.</span> <span class='ocrx_word' id='word_1_198' title='bbox 725 2944 750 3030; x_wconf 83' lang='grc'>3)</span> <span class='ocrx_word' id='word_1_199' title='bbox 797 2951 875 3010; x_wconf 85' lang='lat' dir='ltr'>Satis</span> <span class='ocrx_word' id='word_1_200' title='bbox 908 2953 947 3010; x_wconf 87' lang='lat' dir='ltr'>sit</span> <span class='ocrx_word' id='word_1_201' title='bbox 974 2952 1029 3010; x_wconf 91' lang='lat' dir='ltr'>hos</span> <span class='ocrx_word' id='word_1_202' title='bbox 1058 2907 1197 3011; x_wconf 83' lang='lat' dir='ltr'>attulisse</span> <span class='ocrx_word' id='word_1_203' title='bbox 1224 2952 1317 3010; x_wconf 91' lang='lat' dir='ltr'>locos:</span> <span class='ocrx_word' id='word_1_204' title='bbox 1351 2952 1388 3011; x_wconf 88' lang='lat' dir='ltr'>de</span> <span class='ocrx_word' id='word_1_205' title='bbox 1415 2957 1477 3011; x_wconf 89' lang='lat' dir='ltr'>nat.</span> 
     </span>
     <span class='ocr_line' id='line_1_30' title="bbox 307 3041 1477 3114; baseline 0 -14"><span class='ocrx_word' id='word_1_206' title='bbox 307 3044 387 3100; x_wconf 91' lang='lat' dir='ltr'>deor</span> <span class='ocrx_word' id='word_1_207' title='bbox 406 3041 449 3113; x_wconf 94' lang='grc' dir='ltr'>ΙΙ,</span> <span class='ocrx_word' id='word_1_208' title='bbox 476 3043 567 3104; x_wconf 91' lang='lat'>121:</span> <span class='ocrx_word' id='word_1_209' title='bbox 594 3041 725 3099; x_wconf 89' lang='lat' dir='ltr'>Pastum</span> <span class='ocrx_word' id='word_1_210' title='bbox 735 3045 787 3099; x_wconf 89' lang='lat' dir='ltr'>ant</span> <span class='ocrx_word' id='word_1_211' title='bbox 787 3059 831 3097; x_wconf 90' lang='lat' dir='ltr'>em</span> <span class='ocrx_word' id='word_1_212' title='bbox 853 3042 1029 3099; x_wconf 81' lang='lat' dir='ltr'>animalibus</span> <span class='ocrx_word' id='word_1_213' title='bbox 1048 3042 1176 3113; x_wconf 79' lang='lat' dir='ltr'>larpeet</span> <span class='ocrx_word' id='word_1_214' title='bbox 1198 3042 1307 3112; x_wconf 88' lang='lat' dir='ltr'>copiose</span> <span class='ocrx_word' id='word_1_215' title='bbox 1331 3059 1404 3107; x_wconf 87' lang='lat' dir='ltr'>eum,</span> <span class='ocrx_word' id='word_1_216' title='bbox 1428 3047 1477 3114; x_wconf 82' lang='lat' dir='ltr'>qui</span> 
     </span>
     <span class='ocr_line' id='line_1_31' title="bbox 308 3129 1477 3203; baseline 0 -14"><span class='ocrx_word' id='word_1_217' title='bbox 308 3134 408 3202; x_wconf 84' lang='lat' dir='ltr'>cuique</span> <span class='ocrx_word' id='word_1_218' title='bbox 430 3135 516 3203; x_wconf 86' lang='lat' dir='ltr'>aptus</span> <span class='ocrx_word' id='word_1_219' title='bbox 540 3134 628 3196; x_wconf 92' lang='grc' dir='ltr'>ΙΙΙΙΙ,</span> <span class='ocrx_word' id='word_1_220' title='bbox 652 3131 838 3202; x_wconf 84' lang='lat' dir='ltr'>compararit.</span> <span class='ocrx_word' id='word_1_221' title='bbox 820 3129 953 3188; x_wconf 86' lang='lat' dir='ltr'>libid.</span> <span class='ocrx_word' id='word_1_222' title='bbox 976 3129 1020 3200; x_wconf 91' lang='grc' dir='ltr'>ΙΙ,</span> <span class='ocrx_word' id='word_1_223' title='bbox 1046 3131 1122 3187; x_wconf 91' lang='lat'>122:</span> <span class='ocrx_word' id='word_1_224' title='bbox 1159 3129 1272 3187; x_wconf 88' lang='lat' dir='ltr'>Manus</span> <span class='ocrx_word' id='word_1_225' title='bbox 1294 3133 1389 3187; x_wconf 86' lang='lat' dir='ltr'>autem</span> <span class='ocrx_word' id='word_1_226' title='bbox 1408 3132 1477 3189; x_wconf 89' lang='lat' dir='ltr'>data</span> 
     </span>
     <span class='ocr_line' id='line_1_32' title="bbox 308 3219 1477 3292; baseline 0 -15"><span class='ocrx_word' id='word_1_227' title='bbox 308 3220 477 3292; x_wconf 79' lang='lat' dir='ltr'>elephantes,</span> <span class='ocrx_word' id='word_1_228' title='bbox 520 3221 589 3290; x_wconf 84' lang='lat' dir='ltr'>quia</span> <span class='ocrx_word' id='word_1_229' title='bbox 620 3223 741 3290; x_wconf 88' lang='lat' dir='ltr'>propter</span> <span class='ocrx_word' id='word_1_230' title='bbox 776 3219 1005 3291; x_wconf 82' lang='lat' dir='ltr'>mapnitudinem</span> <span class='ocrx_word' id='word_1_231' title='bbox 1041 3219 1169 3290; x_wconf 88' lang='lat' dir='ltr'>eorporis</span> <span class='ocrx_word' id='word_1_232' title='bbox 1205 3219 1309 3289; x_wconf 71' lang='lat' dir='ltr'>diflicil</span> <span class='ocrx_word' id='word_1_233' title='bbox 1311 3236 1340 3276; x_wconf 88' lang='lat' dir='ltr'>es</span> <span class='ocrx_word' id='word_1_234' title='bbox 1381 3220 1477 3278; x_wconf 88' lang='lat' dir='ltr'>aditus</span> 
     </span>
     <span class='ocr_line' id='line_1_33' title="bbox 307 3306 1477 3379; baseline -0.001 -13"><span class='ocrx_word' id='word_1_235' title='bbox 307 3309 482 3366; x_wconf 76' lang='lat' dir='ltr'>habebant</span> <span class='ocrx_word' id='word_1_236' title='bbox 472 3308 548 3365; x_wconf 87' lang='lat' dir='ltr'>tad</span> <span class='ocrx_word' id='word_1_237' title='bbox 570 3311 698 3379; x_wconf 91' lang='lat' dir='ltr'>past.um</span> <span class='ocrx_word' id='word_1_238' title='bbox 744 3306 786 3364; x_wconf 89' lang='lat' dir='ltr'>At</span> <span class='ocrx_word' id='word_1_239' title='bbox 776 3308 917 3378; x_wconf 81' lang='lat' dir='ltr'>tqnibus</span> <span class='ocrx_word' id='word_1_240' title='bbox 944 3308 1040 3365; x_wconf 89' lang='lat' dir='ltr'>bestiis</span> <span class='ocrx_word' id='word_1_241' title='bbox 1068 3309 1146 3364; x_wconf 88' lang='lat' dir='ltr'>erat</span> <span class='ocrx_word' id='word_1_242' title='bbox 1168 3307 1194 3364; x_wconf 90' lang='lat' dir='ltr'>is</span> <span class='ocrx_word' id='word_1_243' title='bbox 1216 3306 1308 3372; x_wconf 87' lang='lat' dir='ltr'>ci,bus</span> <span class='ocrx_word' id='word_1_244' title='bbox 1339 3311 1371 3364; x_wconf 89' lang='lat' dir='ltr'>ut</span> <span class='ocrx_word' id='word_1_245' title='bbox 1361 3308 1477 3366; x_wconf 89' lang='lat' dir='ltr'>tulius</span> 
     </span>
     <span class='ocr_line' id='line_1_34' title="bbox 306 3395 1476 3470; baseline -0.001 -17"><span class='ocrx_word' id='word_1_246' title='bbox 306 3398 420 3470; x_wconf 82' lang='lat' dir='ltr'>pencris</span> <span class='ocrx_word' id='word_1_247' title='bbox 452 3397 548 3454; x_wconf 83' lang='lat' dir='ltr'>bestiis</span> <span class='ocrx_word' id='word_1_248' title='bbox 576 3399 770 3461; x_wconf 82' lang='lat' dir='ltr'>vescerentur,</span> <span class='ocrx_word' id='word_1_249' title='bbox 800 3400 851 3453; x_wconf 90' lang='lat' dir='ltr'>aul</span> <span class='ocrx_word' id='word_1_250' title='bbox 882 3398 959 3453; x_wconf 85' lang='lat' dir='ltr'>eires</span> <span class='ocrx_word' id='word_1_251' title='bbox 980 3399 1090 3452; x_wconf 87' lang='lat' dir='ltr'>natura</span> <span class='ocrx_word' id='word_1_252' title='bbox 1118 3395 1195 3452; x_wconf 84' lang='lat' dir='ltr'>dedit</span> <span class='ocrx_word' id='word_1_253' title='bbox 1184 3398 1269 3452; x_wconf 89' lang='grc' dir='ltr'>ΙΙαΙΙ</span> <span class='ocrx_word' id='word_1_254' title='bbox 1299 3396 1476 3453; x_wconf 82' lang='lat' dir='ltr'>celeritatem</span> 
     </span>
    </p>

    <p class='ocr_par' dir='ltr' id='par_1_6' title="bbox 307 3483 1478 4176">
     <span class='ocr_line' id='line_1_35' title="bbox 307 3483 1476 3559; baseline -0.002 -16"><span class='ocrx_word' id='word_1_255' title='bbox 307 3485 379 3543; x_wconf 89' lang='lat' dir='ltr'>ibid</span> <span class='ocrx_word' id='word_1_256' title='bbox 402 3483 442 3559; x_wconf 89' lang='grc' dir='ltr'>ΙΙ,</span> <span class='ocrx_word' id='word_1_257' title='bbox 468 3486 544 3542; x_wconf 83' lang='lat'>160:</span> <span class='ocrx_word' id='word_1_258' title='bbox 576 3483 635 3542; x_wconf 83' lang='lat' dir='ltr'>Sus</span> <span class='ocrx_word' id='word_1_259' title='bbox 656 3501 723 3542; x_wconf 86' lang='lat' dir='ltr'>aero</span> <span class='ocrx_word' id='word_1_260' title='bbox 746 3485 815 3555; x_wconf 88' lang='lat' dir='ltr'>quid</span> <span class='ocrx_word' id='word_1_261' title='bbox 837 3484 921 3542; x_wconf 81' lang='lat' dir='ltr'>habet</span> <span class='ocrx_word' id='word_1_262' title='bbox 910 3488 1026 3556; x_wconf 89' lang='lat' dir='ltr'>prae</span> <span class='ocrx_word' id='word_1_263' title='bbox 1026 3501 1056 3541; x_wconf 90' lang='grc' dir='ltr'>ΙΙ</span> <span class='ocrx_word' id='word_1_264' title='bbox 1015 3484 1254 3541; x_wconf 65' lang='lat' dir='ltr'>teseamt-</span> <span class='ocrx_word' id='word_1_265' title='bbox 1280 3499 1340 3555; x_wconf 79' lang='lat' dir='ltr'>pla</span> <span class='ocrx_word' id='word_1_266' title='bbox 1357 3485 1476 3558; x_wconf 82' lang='lat' dir='ltr'>pecude.</span> 
     </span>
     <span class='ocr_line' id='line_1_36' title="bbox 309 3572 1477 3646; baseline -0.002 -14"><span class='ocrx_word' id='word_1_267' title='bbox 309 3575 383 3646; x_wconf 81' lang='lat' dir='ltr'>quod</span> <span class='ocrx_word' id='word_1_268' title='bbox 406 3577 484 3632; x_wconf 90' lang='lat' dir='ltr'>erat</span> <span class='ocrx_word' id='word_1_269' title='bbox 473 3574 545 3631; x_wconf 89' lang='lat' dir='ltr'>lad</span> <span class='ocrx_word' id='word_1_270' title='bbox 567 3574 736 3631; x_wconf 84' lang='lat' dir='ltr'>uescendum</span> <span class='ocrx_word' id='word_1_271' title='bbox 757 3573 854 3630; x_wconf 81' lang='lat' dir='ltr'>bomin</span> <span class='ocrx_word' id='word_1_272' title='bbox 856 3575 919 3631; x_wconf 89' lang='lat' dir='ltr'>ibus</span> <span class='ocrx_word' id='word_1_273' title='bbox 937 3590 975 3644; x_wconf 88' lang='lat' dir='ltr'>ap</span> <span class='ocrx_word' id='word_1_274' title='bbox 978 3577 1016 3638; x_wconf 79' lang='lat' dir='ltr'>ta</span> <span class='ocrx_word' id='word_1_275' title='bbox 978 3572 1112 3630; x_wconf 80' lang='lat' dir='ltr'>inibil</span> <span class='ocrx_word' id='word_1_276' title='bbox 1132 3573 1232 3644; x_wconf 79' lang='lat' dir='ltr'>penult</span> <span class='ocrx_word' id='word_1_277' title='bbox 1253 3576 1363 3630; x_wconf 88' lang='lat' dir='ltr'>natura</span> <span class='ocrx_word' id='word_1_278' title='bbox 1380 3573 1477 3644; x_wconf 78' lang='lat' dir='ltr'>fecun-</span> 
     </span>
     <span class='ocr_line' id='line_1_37' title="bbox 309 3659 1478 3735; baseline -0.003 -14"><span class='ocrx_word' id='word_1_279' title='bbox 309 3664 382 3721; x_wconf 90' lang='lat' dir='ltr'>dius.</span> <span class='ocrx_word' id='word_1_280' title='bbox 428 3662 496 3733; x_wconf 81' lang='lat' dir='ltr'>Hie,</span> <span class='ocrx_word' id='word_1_281' title='bbox 525 3680 601 3735; x_wconf 89' lang='lat' dir='ltr'>quae</span> <span class='ocrx_word' id='word_1_282' title='bbox 629 3661 782 3719; x_wconf 88' lang='lat' dir='ltr'>Petersius</span> <span class='ocrx_word' id='word_1_283' title='bbox 811 3662 927 3730; x_wconf 84' lang='lat' dir='ltr'>attulit,</span> <span class='ocrx_word' id='word_1_284' title='bbox 960 3660 1103 3734; x_wconf 85' lang='lat' dir='ltr'>exemplis</span> <span class='ocrx_word' id='word_1_285' title='bbox 1136 3659 1196 3718; x_wconf 89' lang='lat' dir='ltr'>alia</span> <span class='ocrx_word' id='word_1_286' title='bbox 1227 3660 1324 3717; x_wconf 89' lang='lat' dir='ltr'>multa</span> <span class='ocrx_word' id='word_1_287' title='bbox 1356 3660 1478 3735; x_wconf 83' lang='lat' dir='ltr'>adiungi</span> 
     </span>
     <span class='ocr_line' id='line_1_38' title="bbox 308 3747 1477 3825; baseline -0.001 -17"><span class='ocrx_word' id='word_1_288' title='bbox 308 3753 442 3825; x_wconf 90' lang='lat' dir='ltr'>possunt.</span> <span class='ocrx_word' id='word_1_289' title='bbox 422 3749 598 3808; x_wconf 83' lang='lat' dir='ltr'>tOonfer</span> <span class='ocrx_word' id='word_1_290' title='bbox 622 3749 708 3807; x_wconf 84' lang='lat' dir='ltr'>Tusc.</span> <span class='ocrx_word' id='word_1_291' title='bbox 732 3748 771 3822; x_wconf 89' lang='grc' dir='ltr'>ΙΙ,</span> <span class='ocrx_word' id='word_1_292' title='bbox 795 3751 850 3807; x_wconf 87' lang='lat'>43:</span> <span class='ocrx_word' id='word_1_293' title='bbox 883 3747 975 3820; x_wconf 81' lang='lat' dir='ltr'>Atqui</span> <span class='ocrx_word' id='word_1_294' title='bbox 1002 3750 1066 3806; x_wconf 87' lang='lat' dir='ltr'>aide</span> <span class='ocrx_word' id='word_1_295' title='bbox 1087 3765 1137 3814; x_wconf 90' lang='lat' dir='ltr'>nc,</span> <span class='ocrx_word' id='word_1_296' title='bbox 1168 3765 1232 3805; x_wconf 92' lang='lat' dir='ltr'>eum</span> <span class='ocrx_word' id='word_1_297' title='bbox 1259 3765 1356 3806; x_wconf 84' lang='lat' dir='ltr'>amnes</span> <span class='ocrx_word' id='word_1_298' title='bbox 1384 3753 1477 3807; x_wconf 87' lang='lat' dir='ltr'>rectae</span> 
     </span>
     <span class='ocr_line' id='line_1_39' title="bbox 309 3837 1477 3911; baseline -0.003 -14"><span class='ocrx_word' id='word_1_299' title='bbox 309 3841 402 3898; x_wconf 91' lang='lat' dir='ltr'>animi</span> <span class='ocrx_word' id='word_1_300' title='bbox 430 3839 524 3909; x_wconf 79' lang='lat' dir='ltr'>affeet</span> <span class='ocrx_word' id='word_1_301' title='bbox 515 3855 591 3897; x_wconf 87' lang='lat' dir='ltr'>eones</span> <span class='ocrx_word' id='word_1_302' title='bbox 615 3840 672 3896; x_wconf 88' lang='lat' dir='ltr'>nirt</span> <span class='ocrx_word' id='word_1_303' title='bbox 672 3843 733 3896; x_wconf 78' lang='lat' dir='ltr'>rates</span> <span class='ocrx_word' id='word_1_304' title='bbox 756 3839 899 3911; x_wconf 81' lang='lat' dir='ltr'>appellent</span> <span class='ocrx_word' id='word_1_305' title='bbox 894 3855 950 3903; x_wconf 86' lang='lat' dir='ltr'>ur,</span> <span class='ocrx_word' id='word_1_306' title='bbox 977 3855 1035 3894; x_wconf 90' lang='lat' dir='ltr'>non</span> <span class='ocrx_word' id='word_1_307' title='bbox 1063 3839 1101 3895; x_wconf 83' lang='lat' dir='ltr'>sit</span> <span class='ocrx_word' id='word_1_308' title='bbox 1127 3837 1178 3894; x_wconf 87' lang='lat' dir='ltr'>hec</span> <span class='ocrx_word' id='word_1_309' title='bbox 1195 3837 1353 3908; x_wconf 89' lang='lat' dir='ltr'>proprium</span> <span class='ocrx_word' id='word_1_310' title='bbox 1375 3855 1477 3896; x_wconf 89' lang='lat' dir='ltr'>nomen</span> 
     </span>
     <span class='ocr_line' id='line_1_40' title="bbox 309 3927 1478 3998; baseline -0.001 -13"><span class='ocrx_word' id='word_1_311' title='bbox 309 3929 446 3993; x_wconf 81' lang='lat' dir='ltr'>manium,</span> <span class='ocrx_word' id='word_1_312' title='bbox 469 3928 519 3985; x_wconf 90' lang='lat' dir='ltr'>sed</span> <span class='ocrx_word' id='word_1_313' title='bbox 541 3929 577 3985; x_wconf 90' lang='lat' dir='ltr'>ab</span> <span class='ocrx_word' id='word_1_314' title='bbox 602 3945 645 3993; x_wconf 86' lang='grc' dir='ltr'>ΙΙΙ,</span> <span class='ocrx_word' id='word_1_315' title='bbox 669 3945 742 3998; x_wconf 82' lang='lat' dir='ltr'>qnae</span> <span class='ocrx_word' id='word_1_316' title='bbox 764 3944 825 3985; x_wconf 92' lang='lat' dir='ltr'>una</span> <span class='ocrx_word' id='word_1_317' title='bbox 844 3929 942 3984; x_wconf 85' lang='lat' dir='ltr'>ceteris</span> <span class='ocrx_word' id='word_1_318' title='bbox 966 3927 1170 3991; x_wconf 81' lang='lat' dir='ltr'>excellebat,</span> <span class='ocrx_word' id='word_1_319' title='bbox 1194 3941 1291 3983; x_wconf 88' lang='lat' dir='ltr'>omnes</span> <span class='ocrx_word' id='word_1_320' title='bbox 1312 3928 1478 3984; x_wconf 83' lang='lat' dir='ltr'>nominatae</span> 
     </span>
     <span class='ocr_line' id='line_1_41' title="bbox 309 4014 1477 4088; baseline -0.003 -14"><span class='ocrx_word' id='word_1_321' title='bbox 309 4019 375 4074; x_wconf 87' lang='lat' dir='ltr'>sint.</span> <span class='ocrx_word' id='word_1_322' title='bbox 357 4015 485 4074; x_wconf 88' lang='lat' dir='ltr'>libid.</span> <span class='ocrx_word' id='word_1_323' title='bbox 508 4014 560 4087; x_wconf 81' lang='lat' dir='ltr'>IV,</span> <span class='ocrx_word' id='word_1_324' title='bbox 585 4016 640 4074; x_wconf 85' lang='lat'>54:</span> <span class='ocrx_word' id='word_1_325' title='bbox 678 4015 792 4073; x_wconf 88' lang='grc' dir='ltr'>ΒΙΙΙΙΙ</span> <span class='ocrx_word' id='word_1_326' title='bbox 781 4017 871 4088; x_wconf 83' lang='lat' dir='ltr'>rpitur</span> <span class='ocrx_word' id='word_1_327' title='bbox 893 4016 993 4080; x_wconf 85' lang='lat' dir='ltr'>nostri,</span> <span class='ocrx_word' id='word_1_328' title='bbox 1018 4032 1082 4072; x_wconf 92' lang='lat' dir='ltr'>eum</span> <span class='ocrx_word' id='word_1_329' title='bbox 1104 4016 1203 4072; x_wconf 88' lang='lat' dir='ltr'>emnia</span> <span class='ocrx_word' id='word_1_330' title='bbox 1226 4019 1317 4072; x_wconf 87' lang='lat' dir='ltr'>essmt</span> <span class='ocrx_word' id='word_1_331' title='bbox 1338 4016 1371 4072; x_wconf 90' lang='lat' dir='ltr'>in</span> <span class='ocrx_word' id='word_1_332' title='bbox 1392 4016 1477 4073; x_wconf 87' lang='lat' dir='ltr'>meri-</span> 
     </span>
     <span class='ocr_line' id='line_1_42' title="bbox 309 4103 1478 4176; baseline -0.003 -13"><span class='ocrx_word' id='word_1_333' title='bbox 309 4106 363 4163; x_wconf 88' lang='lat' dir='ltr'>bus</span> <span class='ocrx_word' id='word_1_334' title='bbox 391 4106 476 4170; x_wconf 83' lang='lat' dir='ltr'>uitia,</span> <span class='ocrx_word' id='word_1_335' title='bbox 509 4106 585 4176; x_wconf 83' lang='lat' dir='ltr'>qued</span> <span class='ocrx_word' id='word_1_336' title='bbox 616 4105 730 4162; x_wconf 84' lang='lat' dir='ltr'>nullum</span> <span class='ocrx_word' id='word_1_337' title='bbox 762 4108 839 4162; x_wconf 88' lang='lat' dir='ltr'>erat</span> <span class='ocrx_word' id='word_1_338' title='bbox 828 4104 1025 4162; x_wconf 87' lang='lat' dir='ltr'>tiracundia</span> <span class='ocrx_word' id='word_1_339' title='bbox 1055 4103 1180 4175; x_wconf 85' lang='lat' dir='ltr'>foedius,</span> <span class='ocrx_word' id='word_1_340' title='bbox 1216 4103 1373 4162; x_wconf 87' lang='lat' dir='ltr'>iracundos</span> <span class='ocrx_word' id='word_1_341' title='bbox 1404 4104 1478 4161; x_wconf 90' lang='lat' dir='ltr'>solos</span> 
     </span>
    </p>
   </div>
   <div class='ocr_carea' id='block_1_6' title="bbox 310 4288 1476 4501">
    <p class='ocr_par' dir='ltr' id='par_1_7' title="bbox 310 4288 1476 4501">
     <span class='ocr_line' id='line_1_43' title="bbox 382 4288 1476 4360; baseline -0.005 -16"><span class='ocrx_word' id='word_1_342' title='bbox 382 4294 407 4360; x_wconf 89' lang='lat'>1)</span> <span class='ocrx_word' id='word_1_343' title='bbox 426 4290 503 4345; x_wconf 83' lang='lat' dir='ltr'>Cont.</span> <span class='ocrx_word' id='word_1_344' title='bbox 519 4291 645 4345; x_wconf 87' lang='lat' dir='ltr'>Bassium</span> <span class='ocrx_word' id='word_1_345' title='bbox 660 4291 722 4358; x_wconf 90' lang='lat' dir='ltr'>(Die</span> <span class='ocrx_word' id='word_1_346' title='bbox 741 4289 965 4359; x_wconf 84' lang='lat' dir='ltr'>Tempusfolge</span> <span class='ocrx_word' id='word_1_347' title='bbox 957 4308 987 4343; x_wconf 87' lang='lat' dir='ltr'>in</span> <span class='ocrx_word' id='word_1_348' title='bbox 1005 4288 1261 4359; x_wconf 86' lang='lat' dir='ltr'>conjunctivischen</span> <span class='ocrx_word' id='word_1_349' title='bbox 1275 4289 1476 4343; x_wconf 79' lang='lat' dir='ltr'>Nebenstttaen.</span> 
     </span>
     <span class='ocr_line' id='line_1_44' title="bbox 310 4361 841 4431; baseline -0.002 -16"><span class='ocrx_word' id='word_1_350' title='bbox 310 4364 329 4416; x_wconf 93' lang='lat' dir='ltr'>l.</span> <span class='ocrx_word' id='word_1_351' title='bbox 350 4363 445 4431; x_wconf 86' lang='lat' dir='ltr'>Progr</span> <span class='ocrx_word' id='word_1_352' title='bbox 465 4361 640 4416; x_wconf 81' lang='lat' dir='ltr'>Gnmbinnen</span> <span class='ocrx_word' id='word_1_353' title='bbox 661 4363 796 4429; x_wconf 78' lang='lat' dir='ltr'>1871..)p</span> <span class='ocrx_word' id='word_1_354' title='bbox 816 4368 841 4414; x_wconf 80' lang='lat'>5.</span> 
     </span>
     <span class='ocr_line' id='line_1_45' title="bbox 381 4432 832 4501; baseline 0 -15"><span class='ocrx_word' id='word_1_355' title='bbox 381 4440 408 4497; x_wconf 89' lang='lat'>2)</span> <span class='ocrx_word' id='word_1_356' title='bbox 427 4434 491 4487; x_wconf 82' lang='lat' dir='ltr'>Hor.</span> <span class='ocrx_word' id='word_1_357' title='bbox 512 4450 595 4486; x_wconf 81' lang='lat' dir='ltr'>caim.</span> <span class='ocrx_word' id='word_1_358' title='bbox 615 4432 661 4500; x_wconf 88' lang='lat' dir='ltr'>IV,</span> <span class='ocrx_word' id='word_1_359' title='bbox 680 4439 705 4498; x_wconf 90' lang='lat'>4,</span> <span class='ocrx_word' id='word_1_360' title='bbox 725 4439 758 4486; x_wconf 87' lang='lat'>22</span> <span class='ocrx_word' id='word_1_361' title='bbox 773 4449 832 4501; x_wconf 88' lang='lat' dir='ltr'>sqq.</span> 
     </span>
    </p>
   </div>
   <div class='ocr_carea' id='block_1_7' title="bbox 382 4503 666 4573">
    <p class='ocr_par' dir='ltr' id='par_1_8' title="bbox 382 4503 666 4573">
     <span class='ocr_line' id='line_1_46' title="bbox 382 4503 666 4573; baseline -0.004 -15"><span class='ocrx_word' id='word_1_362' title='bbox 382 4503 578 4573; x_wconf 49' lang='lat' dir='ltr'>&amp;Lapa</span> <span class='ocrx_word' id='word_1_363' title='bbox 664 4529 666 4534; x_wconf 96' lang='lat'>·</span> 
     </span>
    </p>
   </div>
   <div class='ocr_carea' id='block_1_8' title="bbox 1500 4633 1682 4892">
    <p class='ocr_par' dir='ltr' id='par_1_9' title="bbox 1500 4633 1682 4892">
     <span class='ocr_line' id='line_1_47' title="bbox 1500 4633 1682 4892; baseline 0 -46"><span class='ocrx_word' id='word_1_364' title='bbox 1500 4633 1682 4892; x_wconf 85' lang='grc' dir='ltr'>Ι</span> 
     </span>
    </p>
   </div>
   <div class='ocr_carea' id='block_1_9' title="bbox 0 0 1694 5266">
    <p class='ocr_par' dir='ltr' id='par_1_10' title="bbox 0 0 1694 5266">
     <span class='ocr_line' id='line_1_48' title="bbox 0 0 1694 5266; baseline 0 0"><span class='ocrx_word' id='word_1_365' title='bbox 0 0 1694 5266; x_wconf 95' lang='lat' dir='ltr'> </span> 
     </span>
    </p>
   </div>
  </div>
 </body>
</html>
