3366 5266
775 353 992 417 ..9,6..

294 516 426 591 Catonis,
460 521 491 578 et
513 517 590 592 cius,
619 518 698 594 quod
721 536 757 576 cx
780 515 941 578 Carneadis
965 509 1243 592 personavdicitur?
1289 516 1390 592 Atque
1414 517 1470 576 hoc

293 607 412 682 quidem
440 611 520 666 recte
547 607 609 666 tere
637 608 799 666 iudicatum
828 625 893 665 esse
920 625 979 664 non
1009 605 1178 678 abnuerim,
1212 606 1281 681 etsi,
1316 606 1386 681 quid
1414 606 1473 664 sibi

292 692 387 756 velint
405 681 505 770 verita,
524 697 605 754 haud
623 696 711 754 facile
729 696 925 771 intellegitur.
961 695 1056 753 Immo
1075 714 1145 753 vero
1165 693 1239 753 Coto
1259 694 1472 769 cogitationem

293 783 453 844 Carneadis
473 786 516 843 ita
536 804 621 843 sunm
640 785 718 857 fecit,
742 788 777 842 ut
798 785 862 858 ipsc
886 787 1009 852 camut
1028 783 1247 860 cogitationem,
1272 801 1330 844 non
1354 786 1470 841 utrem

292 892 394 932 voram
421 876 576 949 proponet.
606 874 643 931 dc
670 873 720 932 fin.
743 873 787 946 II,
813 875 889 933 100:
917 872 1074 945 Scripsit
1101 875 1175 931 enim
1204 877 1229 930 33
1255 873 1353 930 multis
1386 889 1473 944 scepe

293 964 387 1020 certis
410 967 436 1020 33
456 964 576 1022 breciter
597 967 748 1036 aperteque
765 965 798 1020 in
816 979 846 1020 eo
866 963 947 1028 libra,
971 979 1053 1034 quem
1070 963 1153 1020 mocio
1172 963 1330 1026 nominavi,
1353 965 1472 1019 mortem

292 1043 366 1109 allii
389 1053 428 1110 ud
445 1053 672 1126 uespertinum·
695 1051 771 1124 quod
793 1053 869 1109 enim
886 1051 1057 1109 dissolutum
1080 1053 1140 1116 sit,
1163 1051 1195 1108 iel
1213 1067 1272 1108 3333
1289 1053 1351 1108 sinc
1369 1067 1471 1119 sensu,-

293 1141 369 1212 quocl
382 1145 478 1198 cutem
491 1143 552 1198 sine
566 1158 651 1199 33333
664 1143 724 1206 333,
738 1141 770 1198 id
782 1141 855 1200 nilcii
869 1141 909 1198 acl
921 1157 975 1198 nos
983 1142 1129 1212 pertulere
1142 1141 1266 1198 omnino.
1282 1137 1322 1196 ib.
1338 1138 1377 1210 ΙΙ,
1395 1139 1471 1196 108:

294 1227 376 1301 Quod
397 1247 463 1287 cero
487 1248 506 1288 a
529 1233 554 1286 33
577 1229 797 1302 disputatum
821 1233 883 1294 est,
906 1231 1031 1286 maiores
1055 1245 1113 1286 3333
1132 1228 1291 1300 coluptates
1315 1231 1340 1284 et
1361 1229 1472 1286 dolores

293 1319 398 1383 animi,
426 1335 513 1390 cuam
537 1320 675 1391 corporis,
702 1320 772 1390 cuia
795 1319 884 1376 trium
907 1321 1066 1390 temporum
1090 1319 1239 1389 particeps
1267 1318 1383 1374 animus
1411 1318 1470 1382 sil,

293 1421 410 1478 corpore
433 1411 528 1466 cutem
546 1408 715 1478 praesentia
738 1407 831 1464 solum
858 1408 1078 1471 sentiuntur,
1108 1407 1157 1476 qui
1179 1406 1210 1463 iel
1227 1407 1352 1477 probari
1369 1409 1472 1477 polest,

292 1499 333 1552 ut·
346 1497 386 1561 is,
409 1498 459 1568 cui
475 1499 598 1568 propter
620 1513 665 1552 me
688 1495 799 1567 aliquid
819 1477 963 1568 pandect,
979 1495 1052 1567 plus
1074 1511 1162 1566 cuam
1185 1511 1233 1566 epo
1256 1496 1317 1566 ipse
1337 1495 1472 1566 pandect.

292 1583 332 1642 ib.
350 1582 402 1654 IV,
423 1585 478 1642 56:
506 1585 653 1660 faterique
672 1585 787 1656 coepit
808 1585 945 1657 sapienti,
969 1583 1021 1640 coc
1044 1587 1084 1640 est
1106 1600 1216 1640 summe
1241 1583 1330 1649 tecto,
1354 1599 1472 1640 eorumc-

246 1677 248 1682 ’
293 1673 361 1730 clius
385 1677 480 1730 lumen
504 1689 572 1739 esse,
595 1675 622 1730 si
645 1690 679 1730 33
702 1689 810 1744 quoque
832 1672 971 1737 lubeat,
995 1689 1068 1743 quoe
1091 1673 1166 1730 bona
1187 1689 1245 1728 333
1269 1673 1355 1729 audet
1377 1671 1473 1744 appel-

267 1757 368 1826 laee,
403 1765 528 1820 naturae
555 1762 768 1820 accommodata
800 1777 859 1818 3333
889 1761 1029 1829 33333333
1066 1778 1124 1834 quc
1152 1760 1215 1818 loco
1245 1758 1346 1818 Cicero
1373 1759 1471 1818 verbis

291 1852 318 1908 si
338 1867 372 1908 33
392 1867 500 1922 quoque
517 1851 620 1908 habeut
638 1849 848 1925 cogitationem
875 1867 960 1907 suom
979 1848 1098 1920 indicat,
1122 1847 1173 1923 eis,
1199 1867 1274 1922 quac
1299 1850 1472 1922 sequuntur,

294 1936 368 2012 quid
392 1957 425 1996 re
448 1957 520 1998 vero
543 1939 591 2010 sit,
615 1939 743 2013 exponit,
757 1956 834 1998 ,cum
857 1939 971 1996 luberet
995 1937 1112 1995 auderet
1134 1937 1295 1994 concederet
1316 1955 1352 1994 ex
1373 1940 1472 1994 mente

293 2025 419 2085 subiecti
453 2027 589 2102 primarii
618 2027 688 2102 poni
723 2026 862 2101 potuerit.
910 2026 995 2084 Tnse.
1019 2024 1059 2100 V,
1086 2027 1162 2083 110:
1193 2025 1262 2083 Non
1293 2027 1355 2084 sine
1382 2043 1472 2084 cuasa

291 2117 381 2188 ipitur
410 2116 560 2188 Epicurus
595 2133 703 2175 ausus
732 2119 783 2198 333
814 2117 905 2173 elicere
934 2132 1044 2187 semper
1075 2117 1107 2172 in
1129 2115 1268 2186 pluribus
1300 2116 1381 2172 bonis
1414 2131 1473 2172 esse

291 2205 458 2276 sapientem,
492 2207 561 2276 quia
584 2221 694 2277 semper
724 2205 822 2262 sitin
846 2204 1046 2276 voluptatibus.
1069 2203 1107 2260 ad
1130 2203 1200 2261 fem.
1224 2202 1281 2274 ΙΙΙ,
1308 2205 1340 2274 9,
1366 2206 1397 2260 1:
1426 2203 1472 2260 Iis

272 2309 358 2373 ¹ucrc
391 2293 480 2352 literis
522 2295 613 2360 lectis,
651 2311 721 2366 quos
751 2292 903 2350 Philotimo
943 2293 1041 2350 liberto
1078 2309 1140 2349 meo
1178 2292 1291 2356 dedisti,
1330 2294 1473 2364 copnoci

291 2381 525 2454 intellexique
547 2384 579 2440 in
596 2383 754 2455 procincta
776 2382 880 2440 multos
902 2383 1008 2454 fuisse,
1037 2382 1086 2454 qui
1108 2398 1174 2446 nos,
1202 2399 1257 2453 quc
1280 2382 1378 2439 enimc
1399 2383 1474 2438 inter·

291 2487 345 2527 nos
368 2488 483 2538 sumus,
508 2487 567 2528 3333
589 2471 710 2540 nollent;
739 2471 778 2529 cll
800 2471 900 2529 urbem
922 2487 988 2528 cero
1010 2473 1043 2527 33
1071 2471 1280 2536 accesseris,
1308 2471 1352 2528 cet
1373 2471 1472 2542 potius

291 2562 325 2615 ut
337 2561 472 2631 primum
490 2563 552 2617 3333
575 2561 715 2626 ciderio,
739 2575 871 2632 copncssc
888 2563 913 2616 te
932 2575 965 2616 33
987 2560 1033 2624 iis,
1057 2576 1115 2630 qua
1137 2560 1170 2616 in
1193 2563 1217 2616 33
1241 2559 1383 2617 absentem
1406 2557 1471 2628 fide,

292 2664 350 2719 quo
377 2649 409 2704 in
444 2649 575 2706 caulibus
609 2649 715 2720 officiis
748 2648 860 2704 luendis
892 2665 961 2720 erpa
990 2651 1015 2704 33
1046 2647 1229 2706 obscrcantic
1259 2651 1284 2703 el
1312 2648 1473 2704 constantia

291 2735 420 2806 fuissem.
462 2736 555 2794 Recta
578 2736 726 2794 oratione:
754 2737 838 2794 multi
860 2737 990 2808 suerunt,
1015 2737 1064 2808 qai
1161 2737 1283 2804 nollent·
1312 2737 1352 2793 aci
1372 2737 1472 2794 urbem

291 2840 358 2880 cero
371 2828 404 2881 ut
418 2826 562 2884 accessisti
575 2825 620 2882 cel
634 2868 641 2882 .
656 2867 662 2882 .
680 2825 785 2890 nidisti,
806 2826 929 2896 copncsti
944 2869 950 2882 .
966 2867 982 2896 .,
997 2842 1075 2896 quc.
1092 2871 1098 2882 .
1113 2826 1241 2896 fuissem.
1256 2824 1294 2882 ib.
1309 2821 1376 2897 VII,
1392 2825 1420 2897 3,
1437 2825 1471 2880 5:

272 2912 401 2995 'Notum
425 2915 475 2972 tibi
498 2931 580 2971 omne
603 2931 698 2971 mcum
721 2913 950 2972 consiliumesse
970 2913 1086 2970 colui..
1108 2955 1124 2979 .,
1142 2917 1244 2986 postea
1267 2916 1363 2971 cutem
1385 2929 1472 2984 quam

292 3001 417 3058 ciiiilius
445 3002 531 3074 culpa
555 3006 668 3060 tantum
689 3002 824 3060 caleret
853 2992 962 3080 (rectm
985 2993 1112 3080 calciat)
1132 3019 1217 3068 unus,
1240 3005 1272 3060 ut
1295 3003 1393 3060 obsisti
1415 3017 1473 3058 333

198 3168 202 3173 ¹
286 3093 393 3161 posset,
411 3107 458 3147 mc
470 3090 594 3149 coluisse
606 3107 754 3163 pacem..
771 3135 786 3163 .,
800 3093 955 3163 postquam
969 3107 1027 3148 333
1040 3093 1222 3163 potuerim
1241 3081 1350 3170 (recten
1363 3080 1471 3169 potui),

292 3177 364 3236 milii
386 3179 445 3250 ipsi
466 3179 554 3250 Jluem
577 3180 677 3252 fecisse
700 3179 772 3238 belli.
796 3178 835 3237 ib.
858 3177 945 3251 XIII,
971 3179 1025 3253 28,
1051 3181 1084 3235 1:
1114 3178 1164 3238 Sic
1192 3183 1242 3237 cst
1264 3181 1340 3237 enim
1362 3196 1471 3236 mecam

292 3267 444 3333 locutus,
478 3271 516 3332 te,
549 3271 582 3324 ut
607 3284 688 3326 meus
716 3269 815 3326 literas
845 3268 987 3340 leporis,
1020 3269 1117 3326 statim
1143 3269 1384 3340 procuratoribus
1411 3269 1474 3325 suis

285 3355 450 3426 pollicitam
470 3372 530 3414 esse
543 3357 649 3422 omnia,
664 3357 752 3415 multo
766 3373 832 3414 cero
840 3357 934 3428 plura
949 3360 974 3413 et
987 3357 1102 3414 maiora
1110 3357 1219 3428 fecisse.
1233 3355 1470 3432 ib.X111,29,1:

290 3444 478 3510 Intelleni,
496 3448 529 3502 ul
541 3445 674 3516 prinmm
686 3462 743 3518 per
763 3448 884 3503 aetutem
902 3445 1041 3502 iudicium
1060 3446 1156 3517 fucere
1170 3447 1347 3517 potueris,
1371 3447 1473 3517 quanti

291 3535 410 3605 quisque
433 3533 485 3590 tibi
502 3534 654 3605 faciendus
673 3538 752 3600 esset,
775 3551 820 3591 me
838 3551 858 3590 a
876 3537 901 3590 tc
918 3535 1064 3605 imprimis
1087 3537 1215 3606 cceplarm
1236 3543 1297 3592 'esse
1315 3535 1471 3600 observari,

291 3620 361 3687 coli,
385 3621 475 3694 elilipi.
500 3621 546 3678 nd.
569 3621 634 3680 Att.
657 3621 698 3694 X,
723 3625 752 3695 4,
776 3624 810 3680 4;
833 3620 880 3688 Si,
903 3625 936 3679 ut
956 3631 1052 3680 ncs'c
1075 3626 1100 3679 33
1122 3623 1323 3689 admonemur,
1346 3626 1418 3680 recte
1441 3624 1472 3680 ln

290 3709 349 3767 illis
363 3710 446 3768 libris
461 3710 615 3768 dicimus
628 3711 701 3768 niliil
715 3727 774 3769 csse
788 3712 901 3776 bouum,
920 3712 980 3768 nisi
998 3711 1073 3782 quod
1085 3711 1241 3777 honestum,
1260 3711 1333 3768 33333
1350 3711 1470 3776 malum,

289 3799 349 3856 nisi
363 3799 438 3869 qued
452 3802 535 3871 turpe
548 3801 609 3865 sit,
630 3803 703 3857 certe
715 3803 833 3872 uterque
846 3801 967 3858 istorum
981 3803 1022 3857 est
1034 3801 1222 3858 miserrimus.
1237 3799 1276 3858 ib.
1286 3798 1368 3871 XIH,
1380 3801 1430 3872 44,
1442 3801 1470 3856 3:

290 3885 405 3944 Brutus
414 3887 485 3946 milii
496 3887 529 3945 Τ.
540 3888 658 3961 Liparii
668 3889 969 3954 cerbisnunticcit,
980 3888 1055 3960 quod
1070 3889 1267 3961 appelletur
1276 3887 1313 3945 L.
1325 3885 1472 3959 Ocrptclics

289 3975 322 4031 in
344 3977 474 4034 oratione
496 3976 674 4049 Liparianc,
700 3981 830 4036 erratum
854 3993 912 4035 esse
934 3993 1037 4034 mcum.
1061 3976 1097 4034 de
1116 3996 1159 4035 or.
1177 3977 1200 4052 I,
1221 3978 1276 4035 71:
1299 3976 1380 4034 Nam
1398 3977 1472 4036 illud

290 4081 388 4134 quare,
411 4063 558 4132 Sccccclc,
581 4068 723 4138 ncpcsti
747 4071 772 4123 tc
794 4067 886 4138 fuisse
909 4066 1046 4131 lcturnm,
1069 4067 1128 4123 nisi
1149 4068 1182 4123 in
1199 4082 1260 4122 meo
1278 4082 1365 4138 repnc
1389 4082 1471 4130 esses,

290 4153 365 4223 ccccl
387 4154 419 4210 iu
442 4155 520 4211 omni
539 4171 643 4226 ponere
666 4157 816 4220 sermonis,
840 4156 872 4212 in
895 4155 973 4212 amni
990 4157 1078 4226 purte
1095 4155 1285 4212 humanitatis
1307 4155 1473 4220 uicerim,

290 4244 431 4299 ominem
443 4243 607 4314 perfectum
626 4259 685 4302 esse
704 4244 824 4301 debere?
841 4261 869 4316 p.
888 4240 1004 4310 Quinct.
1025 4243 1080 4300 86:
1099 4243 1226 4309 Dccui,
1246 4259 1311 4300 cum
1329 4243 1471 4303 desertum

291 4345 350 4386 cssc
373 4329 472 4388 client
492 4331 706 4396 castimoniam,
731 4332 847 4388 omnino
865 4331 1064 4389 vadimonium
1082 4332 1195 4388 uallum
1217 4332 1326 4403 fuisse·
1348 4349 1404 4403 qno
1427 4331 1472 4388 elie

289 4416 365 4474 3333
387 4419 442 4475 siti
459 4421 631 4491 promisisse
654 4420 764 4485 elicui,
788 4437 818 4476 eo
842 4419 888 4477 elie
908 4437 945 4476 33
962 4419 1075 4477 Romae
1093 4421 1207 4492 quictem
1229 4420 1328 4492 fuisse.
1351 4419 1391 4478 ib.
1416 4421 1471 4478 89:

292 4503 416 4564 Omnino
449 4511 544 4565 cutem
572 4508 647 4566 bonu
670 4525 808 4580 possessa
834 4524 892 4564 non
922 4524 981 4566 csse
1016 4509 1198 4574 constitui,
1231 4509 1306 4579 quoa
1333 4510 1472 4566 bonnam
