3366 5266
791 1166 875 1260 Cap.
903 1167 930 1237 l.

619 1371 668 1424 De
692 1368 932 1424 intemoatione
956 1366 1104 1437 obliqua.

821 1505 850 1582 §-
876 1511 903 1566 1.

363 1627 445 1690 Gum
466 1632 503 1689 in
517 1631 682 1690 omnibus
698 1623 750 1690 eis
765 1631 980 1704 enuntiatiS,
1000 1650 1090 1706 quae
1105 1631 1263 1688 subiecti
1278 1631 1447 1705 primarii

274 1721 536 1796 cogitationem
550 1721 751 1792 continent,
771 1724 844 1778 tum
864 1720 898 1778 in
917 1719 1271 1795 interrogationibus
1287 1719 1447 1795 obliquis

273 1812 424 1885 regente
446 1809 646 1884 praesenti,
670 1809 761 1884 qnod
780 1810 923 1884 quidem
941 1812 1173 1884 praesentem
1193 1807 1351 1867 subiecti
1372 1828 1448 1868 sen-

274 1899 428 1956 tentiam
447 1897 609 1973 effingit,
628 1897 663 1954 id
683 1901 824 1972 tempus
843 1901 1057 1973 usurpatur,
1076 1897 1167 1971 quod
1189 1897 1398 1972 etiamtum,
1418 1898 1448 1956 si

275 1987 504 2044 enuntiatum
517 2005 585 2044 non
601 2005 619 2044 a
637 1986 810 2060 primario
830 1986 954 2061 aliquo
974 1987 1161 2063 penderet,
1183 1987 1448 2044 sententiarum

273 2074 396 2134 indole
419 2075 686 2149 postularetur.
732 2075 782 2132 'lta
804 2075 851 2147 fit,
879 2078 915 2132 ut
937 2094 996 2132 non
1018 2072 1189 2150 praesentia
1212 2075 1308 2132 solum
1332 2078 1362 2134 et
1384 2095 1449 2150 per-

274 2163 371 2238 fecta,
396 2154 448 2222 sed
471 2163 562 2222 etiam
586 2163 760 2237 imperfecta
783 2166 814 2221 et
836 2164 1128 2238 plusquamperfecto
1151 2182 1218 2221 cum
1240 2164 1449 2237 praesentibus

276 2252 505 2328 coniungantur.
558 2251 603 2310 Ao
636 2252 661 2310 si
697 2271 756 2311 uon
792 2253 939 2326 pendente
976 2250 1210 2327 interrogatione
1246 2252 1449 2312 coniunctivus

274 2339 444 2416 imperfecti
458 2341 508 2400 vel
523 2341 817 2415 plusquamperfecti,
831 2340 977 2416 imprimis
992 2341 1177 2398 dubitativae
1193 2343 1223 2398 et
1233 2340 1449 2414 condicionalis

274 2432 447 2503 poneretur,
466 2431 556 2488 etiam
570 2429 717 2502 pendente
732 2429 807 2486 illud
821 2432 941 2505 tempus
956 2429 1158 2506 usurpandum
1175 2447 1240 2487 esse
1251 2427 1415 2505 Seyffertus
1424 2424 1448 2509 ¹)
1490 2425 1494 2434 '

275 2509 468 2596 Lievenius²)
491 2517 542 2575 alii
558 2517 671 2575 docent.
708 2516 791 2575 Conf.
813 2518 844 2574 in
867 2517 967 2575 Vatin.
1005 2511 1062 2597 (ἓ)
1087 2520 1120 2576 5:
1143 2518 1200 2576 Sed
1221 2536 1349 2590 quaero
1373 2537 1392 2577 a
1415 2524 1449 2586 te,

276 2625 329 2664 cur
354 2605 385 2664 0.
402 2606 567 2664 Coruetium
589 2624 647 2664 uou
670 2608 902 2678 defenderem.
926 2606 1012 2664 Verr.
1035 2607 1079 2679 Il,
1104 2609 1137 2681 4,
1164 2608 1216 2664 13:
1247 2607 1450 2666 Verumtamen

278 2714 297 2754 u
325 2697 405 2753 uotis
431 2697 474 2753 itu
502 2697 659 2754 arbitror
681 2697 805 2768 spectari
827 2700 968 2768 oportere,
999 2698 1100 2768 puuuti
1122 2696 1190 2754 tzuee
1214 2694 1311 2752 eorum
1333 2697 1448 2762 iudicio,

276 2786 327 2856 qui
350 2785 473 2842 studiosi
495 2788 563 2842 suut
584 2785 690 2841 turum
711 2801 823 2851 rerum,
852 2787 1051 2851 aestimentur,
1080 2786 1182 2856 quauti
1209 2786 1305 2842 ueuire
1331 2787 1448 2852 soteuut,

276 2875 378 2944 quouti
413 2873 482 2930 tues
514 2875 593 2945 ipsu,
633 2874 659 2930 si
685 2873 791 2944 putum
824 2874 963 2944 libereque
993 2875 1135 2938 oeuireut,
1172 2874 1269 2930 ueuire
1295 2877 1448 2946 possent.

276 2961 361 3018 Brut.
393 2962 471 3018 151:
498 2960 593 3032 Atque
619 2961 699 3018 laud
726 2963 799 3019 seio
828 2980 868 3019 uu
890 2981 951 3034 pur
968 2963 1155 3034 principibus
1178 2978 1238 3019 esse
1254 2964 1449 3034 potuisset·

276 3051 326 3108 sed
348 3051 473 3122 fortusse
495 3050 600 3108 euoluit
622 3053 670 3106 oct.

366 3137 424 3194 Sed
454 3137 545 3195 etiam
575 3141 652 3209 tum,
690 3137 715 3194 si
745 3141 827 3196 reeta
859 3137 1055 3212 interrogatio
1087 3138 1282 3197 indicativum
1315 3140 1449 3211 haberet,

276 3228 346 3300 post
367 3245 509 3300 praesens
532 3225 683 3284 invenitur
710 3225 918 3300 imperfectum
949 3219 1012 3303 (vel
1040 3221 1393 3305 plusquamperfectum),
1424 3229 1450 3286 si

277 3314 397 3388 quidem
424 3315 470 3373 vis
499 3315 620 3390 propria
648 3314 825 3388 imperfecti,
853 3314 1000 3389 imprimis
1023 3315 1162 3387 relativa,
1191 3317 1280 3374 valet.
1305 3315 1388 3375 Conf.
1412 3317 1450 3374 ad

277 3403 341 3462 Att.
365 3402 424 3475 III,
455 3405 505 3477 20,
536 3406 567 3461 1:
596 3402 652 3460 Sed
679 3405 730 3460 tibi
756 3405 852 3460 ueuirc
879 3406 911 3461 iu
936 3409 1058 3462 meutcm
1085 3409 1159 3462 certo
1182 3407 1266 3470 seio,
1295 3423 1368 3476 quoe
1390 3407 1449 3464 citu

277 3496 367 3550 esset
388 3495 501 3558 uestra,
532 3509 605 3563 guae
634 3493 778 3558 suauitas,
807 3511 880 3564 quuc
907 3494 1040 3564 dignitus.
1086 3493 1165 3550 Nam
1188 3493 1267 3567 quod
1290 3493 1448 3552 Lievenius

277 3581 354 3637 hunc
396 3579 616 3638 coniunctivum
656 3584 727 3637 esset
763 3580 993 3639 condicionalem
1026 3599 1091 3639 esse
1124 3572 1256 3659 putat,³)
1299 3601 1354 3656 ego
1391 3601 1450 3640 non
1503 3630 1508 3639 .

277 3667 435 3726 assentior.
481 3665 610 3726 Obstare
640 3667 717 3726 enim
740 3668 814 3725 mihi
843 3668 983 3727 videntur
1010 3670 1139 3746 primum
1162 3670 1255 3728 verba
1278 3672 1328 3728 tibi
1355 3673 1451 3728 ueuire

277 3759 307 3814 iu
326 3761 455 3822 meutem,
482 3775 536 3831 pro
557 3756 673 3831 quibus,
697 3757 723 3816 si
741 3756 882 3816 Lievenio
906 3759 1088 3834 assentiaris,
1113 3761 1264 3832 exspectes
1284 3761 1451 3830 eopitutimie

278 3850 302 3903 te
330 3847 451 3918 stupere,
487 3848 552 3903 tum
580 3864 656 3919 quae
684 3847 863 3920 sequuntur,
897 3849 1040 3918 ad⁰quue
1071 3848 1270 3920 recuperando
1302 3849 1450 3915 iueumbe,·

277 3952 346 3991 nam
375 3952 423 4005 ea,
452 3953 528 4008 quae
557 3933 685 3991 fuissent
716 3935 765 3992 vel
793 3937 893 3992 essent
920 3953 955 3992 ac
982 3954 1042 3993 non
1069 3935 1203 4006 fuerunt,
1232 3939 1449 4010 comparantur,

277 4039 337 4080 non
361 4024 584 4096 recuperantur.
616 4022 707 4079 Recte
729 4022 824 4096 igitur
838 4016 1002 4104 Haasius4)
1021 4023 1207 4082 coniunctivo
1227 4028 1297 4082 esset
1318 4025 1349 4081 in
1367 4026 1450 4081 recta

277 4109 512 4185 interrogatione
546 4112 725 4184 respondere
761 4113 849 4185 putat
887 4111 1082 4171 indicativum
1119 4117 1193 4178 erut,
1232 4111 1309 4189 quod
1343 4112 1450 4187 imper-

351 4280 377 4345 1)
396 4295 511 4348 gramm.
531 4278 651 4332 Ellendt.
672 4280 696 4348 S.
716 4284 776 4346 245,
797 4284 821 4333 5.

351 4355 377 4412 2)
397 4349 415 4403 l.
435 4367 457 4405 c.
476 4368 504 4418 p.
523 4356 566 4404 29.

351 4423 377 4486 3)
397 4421 413 4474 l.
435 4438 457 4482 c,
476 4439 495 4489 p
524 4427 566 4474 30.
790 4473 794 4482 ,

350 4493 377 4561 4)
396 4491 432 4545 ad
451 4492 554 4564 Reisig.
573 4510 600 4562 p.
621 4497 681 4545 592.
701 4493 758 4548 not.
779 4497 838 4547 498.
