3366 5266
705 418 923 482 -31..

230 584 419 660 perspicuum
443 603 521 656 esse,
550 584 629 659 quod
651 586 699 643 tot
721 579 858 658 tantiipue
882 585 912 641 et
935 585 1042 657 poetae
1066 586 1097 642 et
1119 585 1253 642 oratores
1277 586 1399 644 exstite-

229 673 298 732 rint.
349 671 449 742 Quare
477 674 563 731 sirnul
591 677 624 730 ut
651 671 731 730 idem
762 671 826 731 fere
859 689 924 729 esse
951 667 1038 746 puto,
1071 672 1150 747 quod
1177 675 1203 730 si
1235 675 1329 733 semol.
1358 705 1397 714 —-

230 762 367 833 Alterum
396 765 497 821 autem
526 762 624 820 locum
650 760 694 819 ita
722 761 862 818 facillime
890 760 1137 837 interpretamur,
1170 764 1204 818 ut
1236 763 1399 835 particulas

229 849 297 910 illae
322 855 479 924 postquam
509 852 560 910 ubi
592 852 647 909 cet.
697 867 910 924 nonnunquam
937 848 1027 906 etiam
1062 868 1129 907 eum
1157 850 1324 924 imperfecti
1351 852 1400 910 vel

228 938 514 1014 plusquamperfecti
547 937 733 998 coniunctivo
766 937 906 1013 coniungi
921 955 1120 1014 moneamus,
1152 938 1183 996 id
1211 931 1291 1013 quc'd
1317 939 1400 999 Hoff-

228 1047 354 1087 mannus
378 1019 520 1106 denual)
570 1028 611 1086 El
632 1032 788 1100 postquam
817 1025 938 1102 quidem
966 1026 1039 1084 satis
1069 1045 1157 1101 saepe
1181 1027 1260 1101 apud
1284 1026 1399 1088 Cicero-

228 1135 296 1174 nem
320 1117 362 1175 sic
380 1115 539 1175 invenitur.
581 1115 725 1192 Exempla
751 1119 860 1191 autem,
883 1115 915 1172 in
937 1113 1045 1189 quibus
1068 1117 1119 1173 ubi
1141 1115 1186 1173 ita
1209 1116 1399 1175 coniunctum

228 1207 282 1280 est,
306 1205 446 1264 utnulla
469 1205 529 1263 alia
550 1205 616 1264 fieri
638 1204 735 1280 possit
758 1199 926 1279 explicatio,
952 1203 1025 1260 haec
1049 1206 1128 1262 sunt.
1169 1205 1258 1264 Auct.
1281 1206 1309 1263 b.
1333 1205 1398 1265 Afr.

229 1295 279 1368 78,
303 1295 336 1352 4:
361 1294 443 1368 Quod
469 1295 520 1352 ubi
546 1298 674 1366 coeptum
704 1298 744 1352 est
770 1295 835 1364 pot
863 1297 889 1350 et
916 1293 998 1364 cquis
1023 1295 1169 1351 concitatis
1195 1294 1310 1352 Iuliani
1346 1297 1399 1366 irn-

221 1387 323 1454 peturn
350 1385 536 1456 fecissent,
568 1382 707 1441 Poetelius
739 1400 808 1441 suos
839 1384 944 1454 equites
976 1383 1156 1454 exporripere
1187 1385 1285 1456 eoepit.
1330 1383 1398 1442 Tae.
1472 1429 1476 1434 .

226 1471 304 1529 Ann.
326 1471 366 1544 Il,
393 1474 452 1530 40:
486 1469 567 1530 Oclso
598 1476 623 1529 ct
649 1470 775 1530 Paulino
798 1472 988 1529 abnuentibus
1015 1471 1134 1528 rniliteru
1163 1473 1264 1529 itinero
1290 1473 1399 1544 fessum

227 1562 351 1618 sarcinis
370 1577 490 1634 proceru
513 1562 651 1619 obiecture
673 1561 767 1619 loeti.
784 1604 790 1618 .
806 1605 812 1618 .
828 1602 849 1627 .‚
874 1560 1009 1618 Titianus
1033 1563 1059 1616 et
1079 1558 1233 1627 Proculus,
1260 1562 1311 1618 ubi
1334 1579 1398 1620 con-

225 1650 300 1707 siliis
326 1650 567 1716 vincerentur,
596 1650 634 1707 od
661 1651 708 1708 ius
735 1651 849 1722 imperii
877 1649 1048 1707 transibunt.
1081 1679 1120 1688 -
1149 1649 1215 1706 Iam
1247 1649 1326 1725 quod
1359 1651 1395 1708 ad

225 1737 350 1794 tertium
377 1736 463 1795 illum
490 1738 587 1797 locum
611 1738 736 1809 attinet,
766 1738 856 1796 etiam
878 1741 911 1794 ut
938 1735 1119 1812 particulam
1144 1737 1189 1795 ita
1211 1737 1398 1797 coniunctam

227 1844 292 1884 esse
315 1826 386 1884 licet
409 1826 531 1901 opinari,
556 1826 615 1885 etsi
637 1827 719 1884 aliud
739 1826 909 1900 exemplum
927 1826 1044 1884 nullum
1067 1825 1174 1884 afferre
1187 1845 1317 1901 possum,
1341 1827 1399 1886 nisi

227 1915 306 1989 quod
330 1907 550 1993 trecheuel)
575 1914 710 1988 exhibet,
735 1915 801 1973 Ter.
824 1915 896 1973 Heo.
920 1915 975 1987 ΙΙΙ,
999 1915 1027 1986 3,
1054 1916 1107 1974 18;

291 2003 391 2062 Meter
413 2007 608 2077 consequitur:
635 2007 696 2062 iorn
718 2008 751 2062 ut
772 2005 860 2062 limen
883 2007 1024 2069 coirent,
1048 2004 1088 2061 orl
1108 2021 1204 2076 penno
1227 2006 1331 2063 occiolit

291 2092 480 2152 Locrurnous
501 2095 623 2152 misna·
645 2096 841 2152 miseritumct.

224 2179 329 2240 Potest
352 2185 454 2241 autem
477 2181 568 2241 etiam
592 2181 737 2240 eiusmodi
759 2199 901 2258 praesens
926 2182 1023 2239 dicunt
1045 2181 1162 2253 haberi,
1187 2201 1244 2256 quc
1269 2183 1307 2240 ad
1330 2202 1395 2242 sen-

223 2269 335 2329 tenties
364 2271 542 2346 scriptorum
568 2270 736 2332 reddendas
765 2269 866 2328 Latini
889 2272 1027 2344 utuntur,
1056 2272 1090 2327 ut
1118 2271 1260 2345 cogitatio
1284 2291 1395 2347 eorum,

223 2358 275 2432 qui
297 2359 375 2416 illud
398 2358 557 2417 memoriae
580 2357 785 2433 prodiderunt,
809 2377 948 2434 expressa
972 2358 1020 2418 sit.
1273 2434 1274 2437 Ἴ

312 2447 386 2506 Post
412 2447 592 2523 particulam
615 2449 697 2515 dum,
726 2467 802 2522 quae
825 2448 855 2505 in
881 2447 1014 2506 oratione
1037 2449 1120 2505 recta
1143 2466 1210 2505 cum
1233 2447 1394 2508 indicativo

223 2536 389 2609 praesentis
418 2529 472 2616 (sc.
495 2528 644 2614 historici)
669 2537 872 2612 coniungItur,
899 2537 930 2594 in
953 2535 1075 2610 obliqua
1098 2538 1150 2594 aut
1173 2537 1394 2595 coniunctivum

223 2625 348 2698 perfecti
376 2629 430 2683 aut
455 2625 649 2684 indicativum
671 2626 837 2699 praesentis
861 2625 989 2683 inveniri
1011 2625 1097 2683 docet
1121 2617 1325 2704 Reusehius.⁸)
1354 2657 1391 2666 —

223 2712 306 2771 Idem
328 2714 380 2772 ille
404 2712 517 2789 optime
540 2713 653 2772 iudicat
677 2715 712 2772 dc
736 2713 812 2772 Phil.
828 2713 909 2786 XIII,
934 2714 989 2772 50:
1014 2713 1127 2779 Censeo,
1152 2714 1298 2786 Mupnum
1311 2715 1395 2773 Porn-

217 2804 318 2873 poium
342 2802 394 2862 Cn.
422 2804 516 2874 filiurn
539 2820 597 2875 pro
620 2805 719 2876 putris
749 2806 949 2875 mulorumque
975 2820 1094 2860 sunum
1122 2805 1218 2862 aninlo
1246 2805 1394 2876 stridiopue

222 2892 255 2947 in
277 2893 484 2962 rempublicam
506 2895 753 2964 suoquepristino
772 2895 876 2950 uirtute
897 2894 1006 2964 fecisse,
1030 2892 1105 2963 puori
1125 2909 1210 2949 marn
1233 2909 1393 2964 eorumque,

223 2994 293 3048 quos
319 2997 414 3036 secum
444 2980 571 3046 tubuel,
604 2997 721 3053 oporcrn
751 2983 865 3038 senatui
891 2981 1055 3054 populoque
1084 2973 1219 3038 Romano
1246 2982 1394 3054 pollicitus

224 3071 319 3124 osset.
352 3064 416 3134 Quo
433 3068 496 3126 loeo
507 3084 582 3126 tcum
597 3073 677 3127 reeta
692 3070 824 3128 oratione
849 3070 889 3127 sic
914 3069 1017 3144 utiquc
1032 3069 1193 3128 diceretur:
1212 3088 1270 3142 pro
1289 3073 1392 3128 uirtute

222 3173 277 3212 uro
303 3157 382 3228 scell,
413 3157 489 3229 quod
510 3158 658 3229 pollicitus
682 3163 734 3226 est,
766 3158 985 3232 exspectaveris
1003 3159 1152 3231 pollicitus
1173 3160 1218 3216 sit.
1265 3157 1336 3232 Sed,
1367 3160 1392 3216 si

223 3243 403 3302 Reuschium
428 3237 620 3325 sequimur·,‘¹)
644 3247 674 3303 in
699 3247 824 3322 epilogis
848 3247 1016 3306 orationum
1037 3246 1271 3321 Philippicarum
1290 3245 1392 3305 Cicero

222 3335 402 3390 sententiam
422 3352 506 3391 suam
528 3334 572 3392 ita
590 3335 653 3394 fere
671 3337 857 3409 pronuntiat,
878 3337 963 3411 quasi
982 3335 1081 3410 ipsum
1104 3335 1140 3392 de
1165 3354 1200 3392 ea
1218 3355 1250 3392 re
1269 3340 1391 3394 senatus

222 3423 389 3480 consultum
423 3422 570 3480 audiatur.
627 3423 734 3482 Relata
766 3425 860 3500 igitur
898 3429 968 3483 sunt
997 3424 1090 3482 verba
1123 3443 1182 3482 non
1215 3424 1252 3482 ad
1285 3442 1391 3492 censeo,

222 3510 299 3584 quod
324 3512 480 3582 antecedit,
505 3511 557 3570 sed
580 3511 618 3568 ad
642 3513 796 3571 exordium
819 3513 894 3570 illud
918 3517 1039 3572 senatus
1063 3513 1278 3571 consultorum:
1310 3512 1392 3586 Quod

221 3599 265 3655 M.
286 3598 402 3657 Tullius
425 3602 512 3658 corbo
533 3602 609 3673 fecit,
633 3602 667 3659 de
690 3619 724 3660 eo
746 3619 778 3659 re
800 3604 842 3660 ltu
866 3606 1044 3662 censuerunt.
1069 3640 1084 3652 -

763 3751 791 3827 ξ.
817 3757 846 3815 3.

309 3866 476 3926 Praeterito
504 3871 637 3944 regente,
666 3887 858 3944 quaeeunque
874 3868 920 3926 ad
944 3868 1156 3944 cogitationem
1181 3869 1305 3928 subiecti
1328 3870 1389 3945 pri-

219 3955 307 4012 marii
329 3957 461 4029 pertinet
479 3957 644 4016 enuntiatio
667 3958 850 4031 secundaria,
874 3957 905 4014 in
928 3958 1114 4017 coniunctivo
1137 3957 1259 4032 ponitur
1281 3958 1389 4033 imper-

219 4041 292 4101 fecti
319 4043 368 4103 vel
395 4045 688 4121 plusquamperfecti.
734 4047 822 4105 Ratio
851 4050 951 4104 autem
979 4047 1067 4105 huius
1095 4065 1168 4104 usus
1198 4046 1301 4104 eadem
1332 4051 1386 4120 est,

293 4215 317 4281 1)
338 4213 389 4268 Die
409 4212 515 4267 Constr.
535 4214 585 4269 der
602 4216 650 4270 lat.
670 4215 801 4285 Zeitpart.
822 4215 914 4269 Wien.
936 4222 1010 4270 1873.
1030 4234 1057 4284 p.
1077 4222 1110 4270 47
1126 4233 1185 4284 sqq.

291 4290 317 4344 2)
337 4284 389 4338 Die
409 4284 514 4352 Syntux
531 4303 587 4339 von
607 4286 694 4351 Quom
714 4287 770 4340 und
789 4287 834 4340 dic
853 4286 1068 4355 Entwiclrelung
1086 4286 1135 4340 der
1153 4287 1289 4340 relativcn
1307 4287 1387 4340 Tem-

220 4372 290 4478 Eora
308 4357 347 4409 im
366 4356 474 4410 itlteren
488 4356 594 4411 Lotein.
638 4357 699 4411 Von
713 4357 825 4412 Eduard
839 4358 970 4412 Liibbert.
998 4358 1121 4412 Breslau.
1143 4363 1219 4411 1870.
1238 4376 1265 4426 p.
1282 4364 1330 4411 191
1347 4375 1387 4425 sq.

242 4426 319 4480 onfer
337 4430 433 4481 tamen
451 4427 608 4482 Hoffmann.
628 4429 646 4481 l.
666 4446 688 4483 e.
707 4447 734 4497 p.
755 4436 796 4482 53.
815 4431 871 4482 not.

290 4502 315 4560 3)
335 4498 352 4552 1.
373 4515 394 4551 e.
414 4516 441 4567 p.
463 4504 550 4568 resq.

289 4569 315 4636 l)
335 4568 353 4622 1.
373 4586 395 4622 c.
415 4586 441 4636 p.
464 4575 503 4623 17.
