3366 5266
680 374 902 438 „45—

204 540 349 610 tationem
376 539 414 598 ad
442 541 503 598 dne
526 531 641 618 (confer
664 538 848 596 simillimum
871 539 970 598 locum
993 539 1029 596 de
1053 558 1115 613 rep.
1139 537 1195 611 III,
1221 529 1280 618 10)
1303 539 1376 597 res-

205 630 298 688 renda
322 647 387 688 esse
410 629 481 687 licet
504 628 683 688 existimare.
1015 645 1023 650 ·

740 767 768 844 s.
795 772 843 828 12.

295 878 432 937 Diximus
456 879 493 936 de
517 877 559 936 cis
580 870 743 936 enuntiatis
763 877 945 936 secundariis
966 876 1109 934 orationis
1133 876 1280 950 obliquae,
1304 895 1379 950 quae

204 967 373 1026 accusativo
398 987 464 1026 oum
478 966 626 1026 infinitivo
644 967 847 1026 intercedente
862 985 928 1024 curn
946 965 1088 1042 primario
1107 965 1274 1023 cohaerent.
1321 963 1379 1023 Sed

205 1060 252 1115 est
276 1056 367 1114 etiam
390 1057 472 1115 aliud
496 1055 638 1114 orationis
654 1056 792 1130 obliquae
806 1073 910 1130 genua,
935 1074 994 1129 quo
1014 1053 1156 1129 cogitatio
1176 1053 1303 1112 subiecti
1320 1053 1379 1127 pri-

204 1144 292 1202 marii
315 1145 469 1204 enuntiato
493 1144 675 1220 secundario,
699 1143 844 1220 imprimis
868 1163 887 1202 a
910 1143 1037 1202 relativo
1060 1143 1108 1202 vel
1132 1161 1150 1200 a
1173 1143 1378 1202 coniunctione

205 1235 280 1306 qnod
303 1233 453 1306 ordiente,
482 1252 622 1308 expressa
645 1253 712 1291 cum
736 1237 891 1292 enuntiato
918 1232 1059 1307 primario
1087 1231 1238 1305 verboque
1261 1231 1379 1306 regenti

204 1323 248 1380 ita
276 1323 434 1384 coniuncta
462 1327 520 1397 est,
548 1324 583 1378 ut
610 1323 685 1380 nihil
714 1322 753 1380 sit
780 1321 999 1396 interpositum.
1045 1321 1079 1378 ln
1102 1320 1149 1378 his
1172 1319 1267 1394 igitur
1290 1338 1379 1378 enun-

204 1411 289 1470 tiatis
312 1413 395 1486 leges
419 1429 542 1487 prorsus
567 1411 688 1469 eaedem
711 1410 821 1469 valent.

294 1501 338 1558 Ac
365 1501 517 1576 praesenti
545 1502 669 1576 regente
696 1499 873 1574 plerumque
900 1517 1042 1573 praesens
1070 1497 1119 1555 vel
1146 1497 1313 1572 perfectum
1336 1498 1377 1554 in-

207 1587 336 1648 venitur.
383 1587 467 1657 Quod
496 1607 563 1648 cum
587 1589 627 1647 sit
649 1571 852 1659 notissimum,
880 1587 1015 1662 exempla
1036 1587 1068 1644 in
1091 1586 1222 1644 medium
1245 1585 1378 1661 proferre

205 1679 274 1737 nolo
298 1682 419 1752 praeter
442 1679 516 1737 duos
540 1678 629 1752 locos,
653 1677 705 1734 ubi
730 1669 921 1754 Petersius‚¹)
944 1695 1032 1750 quem
1056 1666 1258 1754 Drangerus2)
1283 1675 1380 1750 sequi-

205 1771 270 1838 tur,
307 1767 383 1825 hanc
414 1785 479 1825 esse
511 1767 658 1824 rationem
689 1765 883 1837 coniunctivi,
921 1763 999 1839 quod
1031 1764 1178 1822 sententia
1211 1783 1246 1822 ex
1278 1769 1378 1822 mente

207 1855 334 1914 subiecti
357 1855 494 1931 primarii
513 1855 593 1914 dicta
611 1858 699 1930 esset,
722 1873 781 1912 non
804 1853 888 1912 vidit.
935 1853 970 1911 de
989 1871 1050 1927 rep.
1070 1853 1093 1924 l,
1118 1855 1172 1910 11:
1195 1853 1380 1924 Munineqne

187 1945 257 2029 ‘loc
283 1947 315 2002 in
343 1945 490 2004 horninnrn
518 1946 664 2002 doeicrnrn
686 1945 813 2002 oratione
830 1943 901 2000 milei
922 1944 1029 2001 nirnrn
1052 1942 1144 2000 uideri
1166 1943 1267 2009 solet,
1295 1943 1378 2014 qnod,

205 2035 255 2105 qni
283 2035 439 2106 tranqnillo
466 2035 545 2091 inuri
572 2035 735 2106 unbernure
761 2049 792 2090 se
812 2035 912 2104 ncycni
929 2047 1028 2103 posse,
1055 2031 1130 2102 qnod
1152 2047 1203 2087 nec
1230 2031 1381 2088 didicerint

205 2139 256 2180 nec
282 2140 411 2194 nnqnqrn
440 2125 513 2180 scire
542 2123 720 2188 erraverint,
754 2122 840 2179 iidern
872 2121 911 2178 od
935 2119 1133 2193 paternuenln
1160 2136 1190 2175 se
1217 2135 1381 2176 accessores
1414 2191 1418 2197 ⁴

200 2213 454 2284 profiteantur
478 2213 605 2269 erciluiis
622 2212 746 2270 inarime
766 2211 907 2280 fluctibns
953 2207 1017 2266 Hoc
1035 2208 1099 2266 loco
1118 2207 1270 2266 Petersius
1288 2209 1381 2280 profi-

206 2303 328 2366 teantur,
348 2300 427 2374 quod
441 2299 621 2358 indicativus
637 2298 758 2357 deberet
773 2316 846 2372 esse,
867 2295 1111 2371 interpositorum
1127 2295 1381 2355 coniunctivorum

206 2388 334 2446 formam
355 2387 503 2464 accepisse
523 2390 632 2447 censet.
663 2386 706 2446 At
724 2404 871 2460 quaenam
895 2390 1045 2443 causaest
1064 2384 1243 2444 coniunctivi
1261 2386 1381 2458 nepent?

205 2477 285 2535 Nam
313 2495 384 2535 voce
412 2478 514 2544 iidern,
542 2476 642 2547 credo,
675 2474 881 2550 prohibemur,
910 2473 1068 2548 quominus
1097 2473 1306 2548 qualitativam
1332 2474 1380 2531 vel

208 2565 409 2633 concessivam
431 2564 493 2623 vim
515 2565 547 2622 in
566 2563 753 2624 coniunctivo
771 2563 870 2622 inesse
888 2566 1037 2637 putemus.
1082 2561 1168 2620 Nihil
1185 2561 1280 2637 igitur
1297 2561 1380 2620 aliud

205 2653 335 2728 relinqui
357 2653 458 2726 video,
486 2653 544 2711 nisi
571 2656 606 2710 ut
629 2653 709 2728 ipsos
735 2650 936 2711 coniunctivos
964 2655 1076 2724 nepent,
1105 2652 1269 2718 didicerint,
1297 2669 1380 2710 cnru-

204 2744 299 2800 oerint
324 2746 448 2818 propter
469 2743 665 2816 profiteantur
692 2741 805 2817 positos
838 2758 916 2813 esse,
946 2741 1001 2798 hoc
1024 2743 1125 2798 autem
1154 2743 1188 2798 ut
1210 2759 1246 2798 ex
1269 2739 1382 2814 cogita-

206 2831 288 2890 tione
312 2832 449 2889 mirantis
474 2831 585 2890 dictum
608 2820 815 2908 iudicemus3)
862 2828 947 2886 Idem
966 2828 1123 2887 dicendum
1142 2833 1188 2886 est
1207 2828 1242 2886 de
1261 2829 1325 2886 loco
1344 2828 1381 2886 de
1414 2894 1423 2906 ,

205 2923 266 2978 nat.
286 2920 365 2978 deor.
385 2919 409 2995 I,
435 2922 489 2978 20:
513 2919 570 2978 Sed
587 2921 641 2978 illu
653 2920 809 2992 palmaris,
836 2919 912 2990 qnod
928 2919 1013 2984 idern,
1038 2920 1086 2990 'qni
1103 2935 1162 2975 non
1179 2919 1262 2976 niodo
1279 2922 1382 2976 nntnrn

205 3009 347 3067 rnnndnrn
366 3009 564 3074 introduxerit,
590 3008 640 3066 sed
659 3009 743 3066 etiarn
761 3009 853 3066 monn
866 3024 961 3081 poene
979 3009 1097 3080 scctnrn,
1123 3009 1150 3064 is
1169 3024 1232 3064 enni
1251 3008 1382 3065 diderit

206 3100 269 3171 fore
291 3088 537 3174 senpiternam
568 3127 604 3135 —
638 3095 738 3170 Atque
767 3094 857 3154 etiam
886 3096 917 3153 in
946 3094 1115 3154 huiusmodi
1139 3094 1301 3153 enuntiatis
1329 3095 1382 3153 im-

207 3186 373 3261 perfectum
397 3205 464 3243 cum
487 3203 562 3261 puro
586 3183 738 3260 praesenti
761 3184 903 3259 coniungi
925 3201 1013 3258 posse
1038 3187 1163 3260 apparet
1186 3171 1225 3241 ex'
1239 3182 1324 3244 Verr.
1342 3183 1381 3254 II,

207 3278 236 3347 2,
267 3278 345 3334 191:
374 3275 591 3334 Lundcntnr
613 3278 741 3332 oratores
762 3277 880 3339 celeres,
911 3272 1013 3333 Crassi
1035 3274 1128 3338 illici
1150 3271 1283 3342 Antonii,
1307 3273 1382 3344 qnod

208 3365 332 3422 erimina
342 3365 450 3422 dilnere
461 3364 592 3429 dilucide,
607 3364 683 3436 qnod
692 3364 801 3435 copiose
815 3379 930 3419 reornrn
945 3379 1050 3421 censos
1059 3362 1209 3434 defendere
1220 3362 1381 3420 solerent.

206 3452 285 3510 Nam
323 3453 401 3528 quod
430 3443 712 3529 Μο11111111111111115)
745 3450 830 3523 dicit,
866 3469 1008 3526 praesens
1044 3450 1123 3508 idem
1160 3450 1260 3509 valere
1301 3449 1382 3526 quod

207 3542 319 3600 tundali
341 3545 408 3600 snnt
430 3542 604 3612 laudarique
627 3541 729 3606 solent,
758 3540 976 3598 sententiarum
1000 3539 1112 3598 conexu
1137 3539 1299 3610 refellitur,
1322 3557 1380 3614 quo

206 3649 243 3689 ue
262 3630 323 3688 vim
343 3629 474 3704 aliquam
492 3629 618 3704 perfecti
636 3630 667 3686 in
689 3629 849 3687 tenduntnr
869 3629 1054 3704 suspicemur
1068 3629 1173 3700 inesse,
1192 3627 1380 3703 impedimur.

296 3717 371 3776 Cum
385 3717 558 3793 praeteritis
577 3717 753 3792 imperfecta
770 3718 819 3777 vel
837 3716 1132 3792 plusquamperfecta
1151 3717 1381 3792 coniunguntur.

207 3804 551 3866 dorsacensium:
575 3807 657 3864 Bene
679 3809 754 3866 enirn
772 3808 898 3864 naiores
916 3809 1120 3866 accubitionem
1143 3807 1288 3878 epularem
1309 3808 1382 3886 orni·

207 3927 418 3934 --.-.-—«.--——

279 3975 474 4044 wiopa

278 4049 305 4115 1)
324 4047 342 4100 l.
362 4063 384 4102 c.
405 4047 424 4102 l.
444 4064 471 4116 p.
491 4052 543 4100 293
563 4065 603 4118 sq.

277 4121 304 4184 3)
326 4116 454 4171 Ceterum
477 4119 536 4172 tarn
564 4117 698 4172 audacem
726 4117 873 4172 modorum
897 4117 1107 4184 attractionem,
1135 4134 1219 4185 quam
1243 4117 1382 4172 Petersius

207 4190 304 4271 sumit,
335 4188 395 4271 fieri
413 4205 495 4257 posse
515 4205 586 4258 nego
608 4206 760 4258 omnesque
779 4190 869 4257 locos,
892 4205 961 4256 quos
981 4188 1077 4254 affert,
1100 4188 1157 4242 alia
1179 4188 1286 4242 ratione
1304 4187 1383 4242 facil·

206 4259 465 4400 lrme4qquqrp.ad
489 4331 562 4384 hunc
588 4331 679 4385 locum
706 4331 911 4384 emendandum
930 4333 1026 4383 —est
1049 4330 1122 4384 enim
1138 4331 1275 4398 palmaris
1297 4328 1381 4382 offen-

208 4402 278 4456 sioni
297 4433 332 4442 -
350 4401 462 4468 attinet,
484 4401 649 4456 conferenda
665 4404 707 4455 est
721 4401 867 4455 annotatio
883 4401 1014 4454 editionis
1034 4401 1192 4455 Orellianae
1206 4404 1235 4454 et
1248 4399 1382 4454 Dietrich.

206 4474 224 4526 ¹⁵
244 4490 267 4528 θ’
279 4491 312 4613 eil
324 4479 431 4612 llbeffli'.
451 4551 493 4598 ao.
