3366 5266
696 398 913 460 ...13-

192 557 273 640 ‚nu
296 564 329 618 4:
358 560 388 618 A
410 561 509 620 Balbo
532 566 628 619 antem
650 563 955 627 animadvertisti,
979 563 1072 629 creda
1096 563 1298 635 quammulta
1320 565 1396 622 dieta

219 653 284 708 sint.
330 650 431 707 Verba
455 655 556 707 autem
580 654 726 715 testatum,
755 652 947 722 caparrum,
977 653 1203 710 demonstratam
1228 670 1287 710 esse
1308 652 1396 710 facile
1509 647 1513 658 '

219 740 382 797 mutaveris
411 739 503 796 verbo
532 756 682 812 apparere.
729 737 812 797 conf.
842 739 880 796 ad
910 739 974 797 Att.
998 739 1087 811 VIII,
1118 743 1151 811 9,
1184 745 1215 798 1;
1244 741 1293 798 ΕΙ
1321 743 1397 799 aaa

203 831 245 900 ‚et
273 828 437 885 acciderant
459 829 520 886 iam
549 832 574 884 et
595 829 771 898 impendent,
799 832 831 884 nt
859 832 1025 886 testatam
1048 847 1121 886 esse
1143 830 1241 896 aelim,
1271 831 1305 888 cle
1321 847 1398 902 paee

219 917 288 988 qaid
310 918 492 974 senserim.
538 916 575 973 ad
599 918 668 974 fam.
693 916 736 988 ΙΙ,
761 918 794 974 3:
818 916 973 974 Rationem
994 934 1088 974 meam
1112 919 1221 984 dicom,
1244 922 1276 975 nt
1298 923 1350 976 ant
1372 923 1398 975 te

219 1008 250 1062 in
277 1023 371 1063 meam
399 1009 496 1063 senten
497 1007 568 1062 tiam
595 1006 752 1070 adducam,
786 1009 837 1062 aut
864 1009 936 1062 certe
963 1010 1129 1064 testatam
1157 1008 1237 1078 apud
1265 1009 1396 1064 animam

219 1098 301 1152 taum
322 1095 493 1165 relinquam,
516 1095 585 1165 qnid
607 1096 779 1155 senserim
781 1092 917 1152 ..Verr
936 1093 977 1166 ΙΙ,
1002 1096 1031 1168 5,
1053 1095 1129 1152 164:
1152 1095 1242 1152 Nune
1259 1097 1396 1166 qnoniam

220 1183 440 1254 exploratam
468 1186 519 1239 est
541 1184 683 1248 onmibns,
714 1200 769 1254 quo
799 1183 858 1241 loeo
886 1200 975 1242 caasa
1003 1188 1054 1241 tua
1081 1186 1131 1242 sit
1159 1188 1184 1241 et
1210 1185 1280 1256 qaid
1307 1185 1396 1242 dete

219 1272 350 1342 picturam
382 1273 428 1329 sit
457 1274 505 1328 ΙΙΙ.
556 1270 592 1328 de
619 1270 668 1328 fin.
696 1270 740 1346 II,
774 1273 828 1330 92:
864 1269 916 1328 Aa
947 1273 978 1329 iol
1010 1273 1087 1344 enpl
1092 1276 1171 1329 orat
1174 1291 1231 1329 am
1260 1274 1395 1345 cuiquam

213 1363 307 1431 potest
335 1377 420 1424 esse,
447 1360 585 1430 quomodo
611 1376 671 1418 sese
697 1361 865 1418 babitmam
892 1362 940 1417 sit
967 1378 1084 1433 corpas,
1111 1378 1169 1418 non
1197 1362 1260 1418 dieo
1289 1362 1329 1418 ΙΙΙ
1351 1378 1395 1418 ΙΙ-

219 1465 342 1520 sperum.
388 1447 473 1505 Verr.
493 1446 531 1520 ΙΙ,
557 1450 585 1520 2,
612 1449 687 1506 165:
711 1449 787 1520 qaod
808 1449 896 1506 simut
918 1450 1193 1507 demonstratum
1217 1453 1279 1516 est,
1304 1467 1395 1520 qaan-

219 1541 279 1594 tnm
314 1537 412 1595 odiam
442 1538 474 1593 in
510 1541 536 1592 te
560 1541 726 1604 aratorum,
763 1541 903 1609 quantam
935 1540 1063 1596 maniam
1092 1537 1256 1595 Siculorum
1287 1540 1333 1596 sit
1370 1541 1396 1595 et

218 1627 336 1697 suerit.
386 1624 444 1682 Pro
472 1627 605 1683 constitui
632 1625 689 1682 dici
718 1627 838 1700 poterat
866 1630 976 1684 constat
1003 1627 1052 1684 vel
1080 1630 1154 1684 certo
1181 1629 1239 1684 seio
1263 1626 1302 1683 ad
1323 1626 1393 1686 fam.

218 1713 267 1786 XI,
293 1716 343 1786 27,
369 1717 402 1771 1:
425 1713 564 1772 Nondum
586 1717 659 1772 satis
683 1716 867 1780 constitui,
890 1715 1070 1772 molestiaene
1088 1715 1159 1786 plns
1182 1733 1223 1773 nn
1240 1716 1395 1787 ootnptatis

219 1803 383 1860 attulerit
401 1803 472 1860 milii
488 1801 678 1861 Trebatius
691 1807 795 1862 noster.
823 1802 920 1860 Simili
933 1802 1048 1861 ratione
1062 1822 1135 1862 usus
1151 1806 1197 1862 est
1212 1802 1314 1862 Cicero
1328 1823 1393 1878 per-

217 1891 295 1949 feeto
318 1893 475 1948 enrstitisse
502 1890 538 1948 de
567 1891 615 1948 fin.
640 1890 674 1964 V,
703 1894 758 1950 89:
786 1891 843 1949 Sed
871 1885 936 1949 cum
964 1894 1163 1951 eonstiterit
1188 1895 1263 1963 inter
1291 1894 1394 1959 doctos,
1442 1901 1447 1908 '

218 1981 318 2051 quanti
345 1997 392 2037 res
420 1996 546 2051 quaeqae
572 1982 618 2038 sit
645 1985 694 2039 ΙΙΙ.
738 1980 802 2038 Iam
831 1982 1021 2052 informatam
1049 1986 1089 2039 est
1114 1983 1196 2039 nobis
1223 1981 1302 2038 idem
1330 1981 1393 2039 fere

219 2070 265 2126 est
293 2068 371 2142 qnod
404 2071 514 2126 notura
540 2071 662 2139 seimas;
695 2069 771 2126 conf.
800 2070 836 2126 de
863 2068 912 2127 fin.
943 2068 979 2141 V,
1008 2071 1063 2129 36:
1096 2071 1198 2143 quibas
1225 2073 1309 2142 quasi
1342 2073 1395 2128 in-

218 2158 406 2229 formatam
430 2160 494 2222 est,
519 2158 588 2228 qaid
609 2157 732 2216 bominis
754 2162 863 2216 natura
880 2159 1046 2229 postulet.
1092 2158 1212 2216 Eisdem
1236 2157 1393 2216 decausis

218 2249 286 2319 post
308 2247 431 2317 coepisse
459 2247 490 2302 et
517 2246 633 2303 desiisse
657 2247 829 2321 praesentia
856 2247 905 2305 vel
932 2246 1065 2320 perfecta
1092 2246 1297 2321 inveniuntur;
1324 2265 1393 2304 nam

218 2351 354 2406 quanam
385 2335 463 2406 coepi
494 2335 618 2408 aequale
652 2335 716 2393 fere
755 2338 802 2394 est
834 2352 952 2407 quaero,
990 2352 1126 2406 quaerere
1163 2337 1235 2392 desii
1268 2334 1393 2409 aequale

217 2425 278 2481 iam
311 2440 370 2480 non
405 2439 518 2493 quaero.
578 2421 662 2482 Conf.
699 2424 737 2482 ad
767 2424 836 2481 fam.
869 2423 926 2495 IX,
966 2425 1020 2495 10,
1050 2426 1086 2481 ’3ε
1134 2423 1221 2481 Nune
1257 2441 1394 2495 quaerere

218 2513 413 2577 desieram,
432 2512 569 2583 quomodo
582 2515 737 2584 petierit.
785 2512 820 2569 de
839 2511 889 2570 fin.
908 2511 944 2584 V,
968 2513 1024 2568 41:
1050 2510 1123 2570 (lam
1143 2517 1237 2570 autem
1255 2513 1395 2584 dispicere

218 2601 394 2672 coepimus
422 2603 448 2656 et
475 2602 593 2666 sentire,
621 2602 692 2672 quid
718 2602 828 2659 simas
856 2605 882 2657 et
911 2601 980 2672 qaid
1007 2602 1043 2658 ab
1072 2601 1269 2658 animantibus
1296 2603 1394 2658 ceteris

218 2689 456 2761 differamus,
480 2692 540 2745 tam
559 2707 593 2746 ea
612 2693 692 2760 sequi
709 2692 872 2762 incepimus,
892 2690 932 2747 ad
949 2707 1023 2760 qaae
1040 2693 1104 2746 nati
1122 2707 1230 2747 sameas.
1239 2681 1262 2767 ¹)
1309 2687 1394 2746 Simi-

219 2817 431 2824 *—

217 2874 322 2943 priscos
346 2875 494 2943 scriptores
517 2875 633 2930 Latinos
658 2875 768 2929 collutis
788 2875 849 2930 Vol.
874 2876 894 2929 1.
914 2875 981 2929 fasc.
1001 2877 1013 2928 I
1033 2895 1058 2944 p.
1078 2881 1144 2940 2463
1168 2875 1240 2928 conf.
1260 2874 1394 2929 Rothium

217 2946 235 2999 l.
255 2963 277 3000 Ι.
298 2965 315 3016 p
345 2948 371 3014 8)
391 2946 509 3014 inimo,
529 2945 577 3014 qui
597 2948 640 3000 est
658 2946 733 3014 apud
751 2947 884 2999 Plautum
904 2946 1015 3015 (Amph.
1037 2948 1111 3015 745):

527 3035 650 3104 .Quippe
668 3052 701 3088 ΙΙΙ
720 3040 744 3088 ΙΙ
764 3036 898 3100 andivi,
916 3040 948 3088 nt
966 3036 1059 3088 urbem
1077 3051 1234 3088 maxumam

377 3105 661 3175 Eupaqnaaisses
678 3122 815 3176 superaque
831 3107 967 3159 Pterelam
985 3111 1042 3159 tute
1060 3106 1233 3160 occideris.

217 3193 378 3262 Exspectari
408 3193 481 3246 enim
506 3195 643 3248 Beckerus
666 3193 735 3247 dicit
763 3196 970 3262 crcpuqnaaeris.
1013 3192 1082 3247 Mihi
1110 3210 1175 3247 vero
1199 3193 1254 3261 ipsi
1282 3210 1393 3262 quoque

217 3265 375 3318 coniunctio
398 3282 449 3332 que
473 3265 582 3319 obstare
600 3265 723 3332 videtur,
748 3269 895 3332 quominus
917 3266 1037 3318 alterum
1057 3265 1172 3318 verbum
1193 3264 1229 3317 ad
1254 3266 1392 3318 annonem

216 3337 396 3404 praeteritam
420 3335 564 3400 audiendi,
589 3337 708 3389 alterum
732 3338 767 3389 ad
791 3338 920 3389 eventum
945 3339 1118 3404 praesentem
1145 3334 1250 3388 sciendi
1273 3336 1392 3390 relatum

217 3423 277 3460 esse
306 3406 467 3461 iudicemus.
505 3407 637 3461 Attamen
665 3407 970 3475 plusquamperfectum
997 3405 1109 3460 defendi
1136 3423 1218 3474 posse
1247 3407 1391 3460 contendo.

216 3477 334 3546 Propria
357 3478 430 3532 enirn
454 3479 507 3531 hoo
531 3477 593 3532 loco
612 3476 653 3531 vis
672 3477 936 3545 plusquamperfecti
956 3478 1045 3541 valet,
1070 3477 1203 3544 quoniam
1223 3477 1393 3546 expugnatio

217 3549 366 3602 antecessit
394 3548 498 3602 actioni
527 3549 694 3630 praeteritae
723 3548 875 3602 occidendi.
913 3549 987 3603 ltaro
1015 3519 1045 3600 id
1072 3547 1184 3614 quidem
1221 3549 1327 3616 evenit,
1361 3550 1393 3602 ut

217 3617 386 3672 coordinatis
409 3619 500 3672 verbis
527 3619 604 3687 prius
630 3619 666 3672 ad
694 3619 834 3687 posterius
861 3623 1022 3673 revocatum
1051 3618 1101 3684 ΙΙΙ,
1131 3619 1178 3671 sed
1202 3618 1308 3687 apud
1300 3637 1392 3688 ipsum

217 3688 390 3758 Ciceronem,
409 3690 433 3742 si
451 3689 566 3758 quidem
585 3690 709 3756 codices,
728 3707 784 3744 non
802 3690 940 3743 editorum
955 3689 1127 3744 coniecturas
1141 3690 1301 3757 sequimur,
1322 3690 1392 3742 eius-

217 3759 293 3814 modi
312 3761 470 3830 exemplum
489 3761 638 3815 invenitur.
676 3760 754 3814 Conf.
774 3779 800 3830 p
820 3761 889 3815 Mur.
910 3766 956 3814 89:
983 3761 1095 3830 Quanta
1114 3765 1204 3814 uatem
1218 3762 1392 3828 pertmbatio

216 3833 291 3897 (erit)
313 3832 441 3897 fortunae
467 3837 546 3900 atquc
568 3833 711 3897 samonis,
734 3849 809 3897 cum,
832 3833 965 3900 quibas
954 3849 985 3884 cn
1008 3833 1073 3884 locis
1092 3832 1193 3898 paucis
1217 3836 1279 3884 ante
1298 3832 1392 3885 diebus

215 3903 320 3967 sactum
342 3918 396 3956 esse
418 3904 552 3956 consulem
577 3904 727 3956 Murenam
750 3905 844 3956 nuntii
869 3903 1013 3971 literaeque
1037 3903 1260 3956 celebrassent
1278 3907 1302 3954 ct
1320 3904 1392 3956 unde

215 3974 332 4040 hospites
351 3979 430 4041 atque
452 3975 534 4028 amici
558 3976 728 4042 prolatatum
746 3973 862 4028 Romam
885 3974 1137 4037 concurrerint,
1160 3978 1266 4040 repente
1284 3974 1392 4026 exsistet

215 4045 273 4111 ipsc
291 4045 408 4098 nuntias
425 4060 491 4098 suae
509 4046 690 4100 calamitatis!
708 4061 763 4113 quo
782 4044 844 4099 loco
864 4044 1012 4098 Richterus
1031 4047 1061 4098 et
1076 4014 1205 4097 Halmius
1222 4043 1392 4125 scripserunt

215 4115 384 4170 celebrarint.
421 4115 728 4185 Plusquamperleotum
747 4115 868 4170 autem'
860 4134 888 4168 ΙΙΙ
908 4115 1039 4184 interrog.
1060 4115 1115 4169 obl.
1135 4114 1249 4184 propria
1267 4115 1295 4168 vi
1314 4132 1391 4167 usur-

215 4185 277 4254 pari
296 4202 377 4255 posse
396 4189 471 4250 ex5.
493 4193 515 4240 1.
536 4185 634 4241 elucet.

288 4260 314 4326 1)
288 4255 532 4310 1Lieveniusl
562 4274 583 4311 Ι.
614 4275 640 4326 p.
671 4264 701 4312 17
731 4257 891 4341 praesentia
923 4259 1008 4312 simas
1037 4260 1065 4310 ΙΙ
1092 4257 1251 4324 differamus
1278 4256 1392 4324 propter

216 4344 347 4395 praeseus
371 4321 508 4382 enuntiati
533 4327 660 4396 primarii
681 4330 829 4396 incipimus
847 4329 940 4397 posita
963 4344 1022 4382 esse
1044 4327 1202 4382 arbitratur.
1242 4325 1303 4394 Ego
1325 4342 1390 4380 vero

216 4397 329 4451 etiam
321 4418 350 4452 m
370 4397 506 4452 eiusmodi
525 4399 689 4464 enuntiatis,
714 4400 761 4454 ubi
785 4401 941 4468 perlectum
960 4399 1171 4453 antecedentem
1189 4398 1312 4464 tantum,
1336 4413 1390 4478 non

216 4470 396 4537 praeteritam
421 4469 558 4524 actionem
584 4470 702 4536 indicat,
726 4470 835 4539 imperf.
860 4469 905 4524 vel
928 4469 1038 4538 plusqu.
1058 4469 1216 4538 ponendum
1241 4484 1314 4533 esse,
1337 4467 1391 4520 nisi

214 4539 272 4594 alia
289 4540 398 4595 ratione
417 4557 505 4608 prees.
525 4541 570 4594 vel
588 4541 656 4609 perf.
675 4541 855 4610 defendetur,
874 4540 1021 4609 postmodo
1041 4542 1075 4608 (5.
1094 4542 1131 4608 9.)
1149 4539 1355 4594 demonstrabo.
