3366 5266
700 421 741 429 ..
788 384 830 447 27
880 421 917 428 ..

758 545 787 622 e.
813 550 863 606 12.

240 663 243 665 ’
311 672 396 742 Quod
411 691 503 746 supra
517 664 554 730 de
568 669 738 746 praeteritis
756 670 957 746 probavimus,
976 672 1007 729 in
1025 670 1260 748 interrogatione
1274 672 1396 747 obliqua

221 763 429 838 imperfectum
452 761 601 834 usurpari,
625 761 659 816 ut
682 759 829 818 actionem
848 761 996 828 enuntiati
1015 761 1183 819 secundarii
1206 759 1396 818 subiunctam

222 871 287 910 esse
302 849 412 908 actioni
430 848 566 925 primarii
579 842 763 924 praeteritae
777 848 886 906 elarius
907 849 996 906 etiarn
1011 853 1146 924 ternpore
1166 848 1395 924 significaretur,

220 959 280 998 nou
313 937 451 997 similiter
478 937 553 996 illud
583 937 619 994 de
646 936 757 994 futuris
787 936 888 994 valere
916 937 942 995 si
970 937 1036 1012 quis
1060 938 1137 996 forte
1165 937 1308 1010 miretur,
1340 938 1397 998 hoc

222 1047 322 1086 seeum
349 1029 478 1102 reputet,
520 1025 741 1084 coniunctivum
771 1024 868 1082 futuri
900 1025 1029 1084 orationi
1061 1025 1187 1084 Latinae
1218 1025 1325 1084 abesse
1345 1028 1395 1085 'ob

222 1135 347 1192 eamque
378 1133 500 1174 oausam
527 1114 644 1186 abesse,
678 1113 757 1188 quod
783 1113 878 1189 ipsius
905 1113 1072 1188 praesentis
1102 1115 1288 1176 coniunctivo
1317 1115 1395 1174 actio

222 1206 353 1281 cogitata
376 1203 551 1279 exprimitur
572 1203 624 1275 ita,
648 1204 683 1259 ut
706 1201 839 1259 futuram
862 1221 929 1262 esse
952 1221 1017 1261 eam
1035 1222 1071 1260 ex
1088 1202 1237 1261 enuntiati
1260 1202 1396 1279 primarii

221 1295 313 1354 verbo
335 1293 453 1366 regenti
477 1295 680 1366 cognoscatur.
718 1289 844 1349 Constat
863 1291 941 1348 enim
961 1292 1051 1349 etiam
1070 1291 1101 1348 in
1120 1291 1254 1350 oratione
1273 1291 1396 1367 obliqua

222 1403 257 1440 ex
289 1383 391 1440 futuro
423 1380 576 1438 indicativi
602 1379 668 1438 fieri
695 1397 836 1452 praesens
864 1380 1056 1452 coniunctivi,
1086 1380 1157 1454 quia
1185 1399 1220 1437 ex
1247 1378 1395 1439 infinitivo

221 1470 316 1529 futuri
347 1470 379 1526 in
404 1469 539 1526 futurum
566 1467 598 1524 id
630 1472 748 1543 tempus
782 1468 886 1526 cadere
915 1469 1019 1527 elucet.
1070 1468 1102 1526 Si
1131 1471 1232 1526 autem
1260 1469 1395 1526 futurum

221 1559 335 1634 aliquid
356 1577 374 1615 a
393 1557 525 1616 subiecto
546 1556 693 1614 enuntiati
712 1556 847 1630 primarii
869 1557 913 1614 ita
935 1576 1014 1615 nune
1038 1557 1196 1632 cogitatur,
1220 1559 1254 1614 ut
1277 1557 1395 1616 coniun-

221 1648 333 1706 ctivum
356 1645 521 1721 praesentis
546 1645 585 1703 ad
607 1645 743 1702 futurum
767 1648 885 1720 tempus
910 1647 1045 1720 spectare
1069 1665 1085 1704 e
1110 1645 1326 1704 sententiarum
1350 1665 1395 1705 co-

221 1755 299 1793 nexu
316 1755 376 1793 non
394 1735 598 1809 intellegatur,
622 1733 791 1808 coniugatio
814 1734 1040 1809 periphrastica,
1064 1754 1139 1809 quae
1157 1736 1290 1809 vocatur,
1315 1735 1396 1792 adhi-

220 1824 317 1900 betur,
341 1827 375 1882 ut
395 1823 420 1881 si
439 1821 548 1880 dicam:
572 1839 687 1894 quaero,
710 1841 782 1880 num
802 1825 964 1896 scripturus
983 1826 1041 1893 sis;
1054 1841 1212 1895 quaerum,
1235 1841 1307 1881 nnn
1324 1818 1396 1882 sert-

214 1918 324 1986 ptnrns
345 1914 403 1982 sis,·
427 1913 569 1984 quaestui,
593 1929 664 1968 nune
686 1913 851 1983 seruiturus
873 1929 957 1970 esses.

756 2085 785 2162 s.
811 2090 862 2146 13.

309 2213 365 2271 Est
387 2212 439 2270 ubi
462 2215 580 2287 tempus
610 2211 757 2270 enuntiati
787 2212 953 2270 secundarii
976 2231 1035 2271 non
1057 2214 1204 2289 regentis,
1232 2214 1284 2272 sed
1307 2213 1396 2272 inter-

220 2303 337 2377 positae
360 2301 485 2360 alicuius
514 2300 727 2360 enuntiationis
751 2301 799 2359 vel
830 2301 1043 2361 enuntiationis
1066 2301 1160 2378 partis
1184 2303 1311 2376 tempori
1330 2322 1395 2361 eon-

221 2391 330 2450 veniat.
385 2391 429 2448 Ac
458 2389 494 2447 de
522 2389 757 2464 interrogatione
781 2390 902 2464 obliqua
925 2410 1017 2447 unum
1046 2390 1147 2449 inveni
1173 2392 1279 2465 locum,
1308 2411 1396 2468 quem

219 2480 281 2537 ianr
309 2471 431 2556 supral)
455 2477 557 2553 attuli,
585 2478 622 2535 de
644 2480 702 2554 leg.
730 2477 786 2550 III,
810 2481 865 2550 33,
894 2479 946 2536 ubi
974 2480 1159 2538 enuntiatum
1189 2479 1396 2538 secundarium

219 2587 279 2627 non
306 2587 324 2626 a
351 2566 442 2626 verbo
469 2567 610 2640 primario
638 2569 775 2626 versabor
801 2567 924 2644 pendet,
955 2567 1007 2626 sed
1036 2587 1053 2625 a
1080 2563 1238 2646 participio
1266 2571 1397 2642 quaesitu

220 2647 276 2736 (=
301 2675 377 2730 quae
399 2674 418 2712 a
440 2654 543 2714 multis
567 2637 715 2766 quaesitis
738 2649 808 2735 est).

699 2865 911 2872 —-—-—...

686 3152 688 3154 Ι
732 3045 816 3138 Cap.
845 3046 889 3120 ΙΙ,

608 3250 657 3303 De
681 3248 834 3303 oratione
858 3246 1005 3316 obliqua.

768 3384 797 3460 t·
822 3389 850 3444 1·
954 3385 973 3414 ⁸

310 3509 341 3568 Si
353 3511 496 3586 scriptum
506 3510 642 3569 videmus
653 3511 690 3569 de
700 3530 741 3570 or.
749 3511 773 3580 Ι,
783 3512 838 3569 63;
849 3510 981 3568 Socrates
990 3513 1083 3570 dicere
1092 3513 1198 3570 solebat
1208 3529 1304 3569 omnes
1313 3514 1345 3569 tn
1355 3530 1395 3578 eo,

222 3600 297 3670 quod
315 3602 429 3666 scirent,
450 3603 522 3658 satis
541 3618 600 3658 esse
618 3601 784 3672 eloquentes,
809 3602 935 3674 apparet
954 3600 1186 3678 cogitationem,
1201 3619 1277 3675 quac
1295 3600 1395 3660 verbis

221 3685 419 3760 significatur:
442 3706 539 3746 omnes
561 3691 593 3746 e'n
616 3707 646 3747 eo
670 3690 745 3761 qnod
763 3691 868 3746 seirent
889 3691 961 3746 sotis
986 3707 1045 3747 esse
1070 3690 1240 3760 eloquentes,
1265 3688 1396 3747 Socratis

221 3794 295 3847 esse,
318 3795 395 3851 quae
419 3777 443 3834 si
466 3780 549 3835 recta
572 3777 706 3835 oratione
729 3780 962 3852 proponeretur,
988 3777 1029 3835 sic
1052 3775 1212 3836 diceretui:
1245 3795 1342 3836 oncnes
1364 3781 1396 3836 in

221 3881 264 3930 co,
288 3866 363 3936 qnod
384 3868 491 3932 sciunt,
514 3868 587 3925 sutis
609 3871 677 3924 sunt
699 3867 864 3938 eloquentes.

310 3951 422 4021 Quodsi
453 3954 489 4012 de
519 3954 608 4012 huius
641 3954 784 4013 orationis
816 3955 954 4029 obliquae
989 3955 1197 4013 consecutione
1229 3956 1397 4029 temporum

220 4041 387 4115 quaeritur,
411 4045 535 4116 regente
558 4044 723 4118 praesenti,
746 4043 834 4101 utin
857 4043 1092 4118 interrogatione
1115 4042 1250 4118 obliqua,
1279 4043 1321 4102 sio
1349 4044 1396 4101 hic

220 4149 338 4205 quoque
367 4148 401 4188 eo
433 4133 568 4206 tempore
601 4130 771 4191 Ciceronem
805 4132 850 4190 uti
883 4132 1041 4205 contendo,
1070 4132 1149 4208 quod
1172 4135 1346 4208 poneretur,
1371 4131 1397 4190 si

218 4222 300 4277 recta
323 4221 403 4278 esset
426 4220 530 4278 oratio.

220 4387 350 4442 iunctivis
371 4405 467 4458 agere,
487 4388 573 4442 etiam
592 4388 662 4442 alios
682 4391 918 4458 argumentationi
933 4391 1076 4446 admiscet.
1114 4391 1145 4444 Iu
1164 4389 1306 4460 plurimis,
1325 4399 1396 4458 quae

219 4458 317 4600 affert&
330 4460 473 4598 ῗθξῖἰίε,
492 4460 599 4514 nullam
619 4460 730 4514 omnino
750 4462 975 4516 consecutionem
994 4463 1088 4516 valere
1107 4462 1263 4530 putandum
1283 4463 1332 4515 est.
