3366 5266
666 445 885 507 „17-

193 615 290 691 putet:
316 612 392 686 Qatd
415 628 479 669 aaa
501 612 597 683 faeere
614 612 743 682 patrasse
766 610 881 668 dicam?
904 610 982 680 qaid,
1002 625 1115 681 quaeso,
1138 607 1267 674 habebat,
1291 607 1366 679 qaod

193 703 319 776 faceret?
341 701 406 776 Ego
430 691 511 758 vero'
525 700 580 758 hoc
603 698 803 756 necessarium
829 715 895 755 esse
917 716 1007 772 nego;
1032 697 1085 756 sed
1104 695 1285 768 Ciceronem,
1309 696 1366 754 hoc

193 811 259 850 cum
280 792 414 849 dicturus
434 792 527 847 esset:
550 805 607 846 aaa
627 788 757 853 habebat,
777 787 846 859 qaid
865 788 961 860 facere
979 790 1078 858 posset
1096 784 1141 855 (er
1159 776 1263 844 aasste
1280 785 1367 852 aiala,

192 898 255 939 was
279 897 309 937 er
332 879 402 936 thau
419 876 547 943 adasate),
572 876 660 934 simul
680 895 712 934 se
735 875 834 949 ipsum
852 874 975 947 nescire,
1000 874 1071 950 quid
1089 875 1141 932 ille
1160 873 1258 932 facere
1282 874 1369 948 potu-

194 969 263 1042 erit,
287 967 418 1026 indicare
441 966 573 1025 voluisse
597 959 770 1043 arbitror.1)

285 1056 386 1114 Habes
406 1055 553 1113 rationem
576 1053 750 1128 explicandi,
774 1052 825 1127 qui
848 1051 909 1124 fiat,
929 1056 964 1110 ut
986 1053 1157 1128 praesentia
1180 1054 1212 1110 et
1234 1052 1368 1127 perfecta

192 1147 225 1204 in
244 1147 287 1203 eis
306 1142 591 1219 interrogationibus
610 1141 807 1217 reperiantur,
832 1161 908 1217 quae
927 1161 945 1200 a
963 1141 1130 1218 praeterita
1151 1141 1213 1200 sive
1236 1141 1369 1216 perfectu

194 1235 257 1293 sive
276 1233 451 1308 imperfecta
471 1231 542 1308 sive,
567 1232 645 1307 quar]
665 1250 720 1306 ego
739 1230 914 1302 addiderim,
938 1231 994 1289 etsi
1013 1231 1098 1288 nulla
1116 1230 1212 1288 adhuc
1232 1230 1368 1304 exempla

192 1323 293 1382 inveni
316 1321 481 1397 indicativi,
506 1320 799 1395 plusquamperfecto
822 1320 981 1394 pendeant.

738 1477 767 1553 ἓ.
793 1482 821 1539 6.

284 1606 367 1663 Nihil
390 1605 484 1680 igitur
507 1609 568 1678 est,
591 1605 670 1681 quod
693 1605 837 1663 addamus
862 1605 900 1662 ad
923 1604 1163 1679 interpretandos
1192 1603 1246 1662 hos
1274 1604 1369 1664 locas:

195 1695 281 1753 Tusa.
303 1695 339 1767 V,
362 1697 438 1753 106:
463 1713 550 1766 qaam
573 1697 620 1753 sit
642 1712 676 1753 ca
690 1696 903 1761 raataaaeada
920 1695 1024 1767 paullo
1039 1698 1105 1752 ante
1127 1694 1257 1751 dietam
1280 1685 1369 1772 est.²)

195 1784 229 1842 dc
259 1784 306 1842 off.
334 1783 361 1855 I,
398 1785 454 1841 61:
486 1781 533 1843 Au
561 1785 629 1842 aliis
656 1785 741 1842 retas
769 1785 1007 1856 quemadmodum
1035 1783 1186 1841 elaeatae
1213 1782 1369 1848 honestam,

194 1875 267 1930 satis
289 1873 351 1944 fere
378 1872 540 1932 dictatas.
587 1871 623 1931 de
646 1872 705 1931 div.
728 1871 755 1947 I,
787 1874 864 1931 109:
893 1867 1023 1945 qaid'ea
1046 1889 1154 1944 qaoqae
1182 1874 1315 1930 eeeae'at
1343 1876 1368 1929 et

194 1962 264 2033 qaid
283 1978 425 2034 qaaeaqae
444 1979 506 2019 rera
527 1963 727 2035 stpaife'cet,
751 1963 852 2019 erebra
875 1962 1127 2019 animadversioae
1144 1965 1368 2032 perspectam

195 2053 251 2108 est.
301 2070 330 2124 p.
359 2048 434 2108 Sest.
469 2053 546 2109 117:
580 2050 641 2124 Quo
675 2050 789 2123 quidem
816 2053 939 2122 tempore
971 2051 1041 2123 qaid
1057 2050 1187 2122 popalus
1218 2049 1371 2108 Romanas

197 2169 406 2178 —-.—,—.—...-

266 2222 291 2286 1)
310 2219 408 2287 Neque
435 2217 531 2284 Haasii
564 2219 609 2286 (ad
637 2218 741 2288 Reisig.
775 2236 801 2287 p.
834 2225 894 2273 594.
928 2220 985 2273 not.
1014 2219 1076 2283 500)
1106 2217 1287 2286 sententiam,
1320 2217 1369 2286 qui

196 2288 354 2344 Ciceronem
377 2289 468 2359 primo
491 2289 631 2343 dicturum
654 2290 738 2344 fuisse
762 2292 856 2358 putat:
884 2292 933 2360 qai
955 2291 1023 2358 qaid
1044 2290 1134 2356 faeere
1155 2291 1291 2356 potuerat,
1314 2305 1371 2343 aaa

194 2361 331 2426 sabaea,
360 2377 450 2431 neque
472 2360 591 2414 Petersii
615 2361 643 2428 (l.
668 2377 690 2418 c.
714 2379 742 2430 p.
767 2365 806 2430 9),
832 2361 881 2429 qui
903 2363 1025 2430 potuerit
1053 2361 1089 2414 ad
1114 2361 1267 2432 proferant,
1296 2361 1370 2429 quod

194 2432 345 2499 antecedit,
374 2449 430 2486 non
453 2431 488 2484 ad
514 2449 630 2501 sequens
653 2433 780 2496 babebat,
812 2433 883 2486 unde
913 2433 1027 2502 pendet,
1056 2431 1175 2504 relatum
1204 2447 1263 2485 csse
1291 2431 1369 2492 dicit,

194 2502 306 2570 probari
333 2503 392 2557 ullo
420 2502 503 2556 modo
526 2519 606 2570 posse
638 2502 773 2557 existimo.
820 2503 892 2557 Nam
920 2503 1113 2558 coniunctium
1140 2501 1258 2571 perfecti
1284 2501 1371 2571 logici

196 2573 313 2626 eandem
334 2573 569 2627 constructionem
588 2573 687 2641 habet,
711 2591 794 2642 quarn
817 2574 998 2641 indicativus,
1022 2576 1055 2627 ut
1071 2573 1116 2627 vel
1136 2574 1175 2626 sic
1194 2572 1370 2626 scribendum

193 2642 291 2697 inerit:
321 2645 370 2712 qai
392 2644 460 2712 qaid
480 2644 569 2710 facere
588 2650 692 2712 posset,
715 2662 771 2698 aea
793 2646 932 2711 habuerim
958 2645 992 2699 ei.
1017 2649 1040 2710 ξ.
1064 2651 1088 2700 8.
1130 2644 1215 2698 Porro
1240 2643 1293 2698 etsi
1316 2643 1370 2712 ipsi

195 2713 391 2784 attractionem
415 2715 555 2782 quandam
578 2715 607 2769 in
632 2715 757 2770 oratione
784 2715 886 2770 Latina
912 2716 1006 2770 valere
1024 2715 1227 2782 concedimus,
1257 2718 1289 2769 at
1310 2718 1370 2769 tam

195 2784 343 2852 audacem,
363 2802 448 2854 quam
461 2785 599 2840 Petersius
619 2786 732 2854 statuit,
752 2787 812 2840 fieri
825 2804 906 2856 posse
921 2803 1063 2856 negamus.
1097 2787 1252 2854 Draegerus
1266 2787 1368 2854 autern,

195 2872 256 2908 cum
283 2857 373 2924 primo
392 2857 421 2924 (l.
441 2873 463 2910 e.
483 2875 510 2926 p.
530 2861 606 2924 214),
630 2859 663 2911 ut
685 2858 876 2912 condicionale
897 2861 1029 2928 potuisset
1053 2856 1184 2920 evitaret,
1209 2853 1370 2911 Ciceronem

194 2927 318 2994 perfecto
342 2941 421 2980 usum
446 2943 506 2981 esse
529 2927 690 2987 iudicasset.
719 2931 818 2997 postea
841 2931 878 2997 (p.
903 2931 965 2998 994)
989 2927 1112 2982 Petersio
1141 2927 1315 2997 astipulatur.
1336 2948 1369 2966 2-

195 2997 326 3050 Ceterum
345 2998 431 3051 alium
449 2999 541 3053 locum
560 2999 649 3052 tribus
668 2998 725 3052 illis
740 2999 877 3053 Tullianis
896 3001 1015 3054 similem
1033 3002 1163 3053 notatum
1181 2999 1275 3053 inveni
1294 2999 1369 3068 apud

194 3069 344 3135 Haasium,
368 3068 416 3136 qui
440 3071 483 3122 est
506 3068 594 3124 Caelii
617 3071 691 3138 apud
712 3069 844 3135 Quinctil.
864 3070 914 3136 Vl,
938 3077 968 3138 3,
991 3077 1038 3124 41:
1063 3070 1119 3124 Hic
1142 3071 1370 3138 subsecutusque

193 3140 271 3192 modo
291 3141 485 3205 transierit,
507 3145 601 3194 atrata
625 3147 683 3195 rate
707 3159 744 3194 aa
764 3143 915 3210 piscatorio
933 3143 1058 3210 accipio,
1081 3157 1157 3194 narro
1179 3141 1314 3195 sciebat.
1336 3171 1367 3178 —

197 3210 279 3278 Apud
294 3209 424 3264 Plautum
443 3229 513 3264 unus
531 3211 670 3280 reperitur
687 3213 776 3279 loeus,
795 3212 888 3265 Aulul.
904 3219 965 3281 542,
983 3211 1032 3265 ubi
1046 3211 1155 3265 codices
1171 3211 1210 3265 sic
1225 3211 1369 3265 exhibent:

291 3281 343 3334 Pol
361 3297 421 3350 epo,
439 3287 470 3334 at
489 3288 513 3336 te
532 3299 689 3347 aeeasera,
708 3284 901 3338 meditabar.
921 3304 948 3335 ::
969 3283 1052 3336 Meae
1069 3282 1120 3336 ta?
1139 3281 1284 3351 quidest?

196 3350 255 3415 Quo
278 3351 340 3405 loco
363 3355 396 3405 ut
418 3355 447 3406 et
471 3354 560 3407 metro
587 3355 654 3408 satis
677 3353 757 3408 fieret
783 3356 813 3408 ct
840 3353 1028 3408 consecutioni
1054 3355 1225 3422 temporum,
1260 3352 1370 3407 Brixius

195 3421 301 3476 delevit
327 3423 414 3477 verba
440 3424 523 3477 Meae
552 3424 603 3477 ta?
636 3424 801 3494 scripsitque
833 3431 857 3478 te
885 3431 916 3478 at
942 3441 1109 3490 accusarem,
1142 3425 1260 3480 Rothius
1289 3425 1317 3492 (l.
1346 3441 1368 3480 c.

194 3510 221 3561 p.
241 3497 283 3546 28.
302 3496 371 3562 not.)
394 3494 515 3548 mutavit
535 3496 656 3549 meditor.
694 3497 731 3550 At
754 3498 860 3564 quanto
883 3496 992 3551 facilius
1012 3497 1048 3550 ad
1066 3497 1185 3550 metrum
1204 3497 1368 3550 servandum

195 3563 335 3617 scribitur:
370 3565 446 3618 Mea'
476 3565 526 3618 ta?
573 3565 802 3621 Consecutionem
835 3568 929 3621 autem
961 3571 1119 3637 temporum
1150 3584 1205 3622 non
1234 3567 1369 3622 violatam

195 3651 254 3687 esse
274 3651 307 3687 ex
325 3634 377 3702 eis,
403 3653 474 3704 quae
500 3635 632 3704 diximus,
656 3638 723 3691 satis
747 3641 871 3707 apparet.
907 3638 990 3692 Dicta
1012 3637 1086 3692 enim
1111 3642 1176 3693 sunt
1193 3639 1278 3692 verba
1296 3644 1327 3691 at
1345 3644 1370 3692 te
1439 3649 1443 3654 '

195 3721 313 3758 accusem
341 3723 397 3760 non
424 3723 457 3760 cx
486 3705 656 3776 cogitatione
685 3709 860 3776 meditantis,
888 3710 936 3764 sed
959 3727 993 3762 ex
1019 3709 1160 3776 loquentis
1187 3713 1367 3778 (quamquam

195 3775 293 3828 eadem
312 3779 355 3830 est
372 3777 424 3832 hoc
443 3777 506 3830 loco
524 3781 668 3847 persona),
694 3779 777 3849 idque
796 3780 901 3835 idcireo
919 3781 1022 3836 factum
1043 3785 1097 3849 cst,
1117 3781 1205 3849 quod,
1224 3784 1256 3834 ut
1274 3785 1369 3834 monet

194 3845 321 3900 Holtzius
345 3847 434 3916 (Synt.
458 3847 541 3916 prise.
565 3850 658 3918 script.
684 3849 744 3906 Lat.
768 3851 801 3906 ll.
825 3869 852 3920 p.
876 3853 934 3920 90),
966 3851 1041 3906 actio
1069 3852 1219 3906 accusandi
1246 3851 1368 3904 nondum

194 3916 355 3984 praeterita,
374 3918 423 3972 sed
442 3919 533 3973 adhue
551 3919 580 3972 in
600 3920 693 3975 futuro
712 3924 762 3975 est.
1418 3938 1421 3944 ’

266 3991 291 4056 9)
320 3987 421 4043 Confer
453 3992 579 4044 nostrum
617 3991 678 4045 Wie
709 3995 771 4046 sear
802 3993 918 4047 dersabe
944 4010 979 4046 aa
1004 3994 1146 4047 aaactiea
1170 3993 1215 4045 ist
1241 3993 1287 4057 (=
1312 3993 1370 4060 sit),

193 4058 301 4112 daeoa
323 4061 411 4114 habea
433 4062 484 4114 wir
507 4062 574 4116 obea
595 4065 756 4131 perprecbea
779 4081 843 4118 cnm
867 4064 928 4118 Wie
949 4065 1010 4118 sehr
1034 4064 1148 4118 derselbe
1171 4079 1205 4116 aa
1228 4063 1370 4118 veracitas

192 4130 241 4182 sei
262 4132 308 4195 (=
333 4137 422 4198 esset),
449 4132 536 4186 baben
558 4134 610 4187 air
634 4135 700 4188 obea
723 4140 823 4204 pereat.
865 4134 925 4190 Hoc
949 4135 1022 4190 enim
1046 4133 1182 4189 vocabulo
1207 4135 1298 4190 aaron
1321 4133 1369 4202 agi

192 4199 333 4281 indicatur
356 4202 391 4255 de
416 4201 587 4271 cogitatione
605 4204 747 4273 loquentis
765 4205 918 4275 praesenti,
944 4223 998 4260 uon
1022 4205 1056 4259 de
1080 4205 1232 4275 praeterita
1251 4205 1369 4260 subiecti

194 4271 330 4340 pumarii.
367 4273 444 4327 Idem
463 4273 541 4328 valet
559 4274 593 4328 de
611 4276 776 4343 pronomine
794 4278 866 4331 illud
884 4277 995 4330 Terent.
1015 4275 1084 4332 Eun.
1104 4283 1168 4330 419:

772 4365 846 4434 Quid
863 4365 964 4427 iliad,
985 4365 1133 4427 Gaatbe,

426 4433 485 4502 Cae
500 4439 584 4501 pacto
602 4433 741 4490 Rhodiam
760 4438 928 4505 tetiperira
946 4437 977 4489 ia
996 4437 1133 4502 coavivio,

424 4503 577 4572 Naaqaaae
596 4506 648 4560 tibi
665 4506 761 4561 aiei?
1075 4500 1080 4510 ⁵

149 4585 152 4592 '
194 4590 255 4645 Hoc
274 4590 336 4645 loco
355 4591 464 4661 plusqu.
483 4593 550 4660 poni
569 4608 624 4646 non
643 4594 767 4663 potuisse
785 4595 886 4652 iudico.

247 4687 367 4742 Warzan,
387 4688 504 4730 Consecut.
519 4692 644 4738 temporum
660 4692 815 4734 Ciceroniana.
1139 4689 1154 4735 2
