3366 5266
688 382 903 446 „47-

208 535 327 622 pressit.
372 567 401 622 p.
425 546 510 605 Balb.
535 549 590 606 57:
620 545 765 607 Obiectum
787 551 827 606 est
850 550 949 614 etiam,
979 549 1054 620 quod
1081 550 1113 606 in
1135 549 1242 606 tribum
1265 547 1385 608 Crusin-

207 639 318 696 minum
335 638 548 709 peruenerit.
584 636 651 694 Etsi
670 638 807 695 obiectum
830 641 870 694 est
893 656 947 711 pro
970 637 1121 711 praesenti
1145 637 1251 696 haberi
1273 640 1383 712 potest.

298 724 493 784 Coniunctivo
516 724 641 800 perfecti
664 729 788 800 regente
815 724 989 800 imperfecto
1017 726 1065 785 vel
1090 726 1383 801 plusquamperfecto

207 814 352 890 utcnplum
376 817 431 872 eet.
473 811 571 882 Quare
593 834 623 888 p.
648 813 748 872 Plano.
773 814 829 873 46:
858 814 948 874 Hanc
971 817 1164 874 iurationem
1187 833 1252 873 cum
1273 816 1383 888 superis

208 920 327 975 mmquc
350 920 395 961 eos
417 904 526 962 iudices
552 903 655 962 babere
681 904 856 969 nolucris,
879 921 1002 976 quormn
1028 906 1060 961 in
1081 903 1168 962 buius
1196 905 1295 962 delicto
1318 922 1383 962 cum
1426 949 1437 972 .

207 994 327 1050 edentia
354 993 528 1059 certissima,
560 996 621 1050 tmn
652 992 733 1050 dolcr
762 993 955 1063 pravissimus
982 1009 1041 1050 esse
1068 993 1226 1051 debuerit
1256 1011 1316 1051 non
1346 1012 1382 1051 ex

206 1083 306 1139 mente
335 1078 460 1138 subiecti
488 1071 622 1154 primarii
651 1079 782 1154 positum
815 1082 862 1138 est
893 1098 1016 1152 quorum
1047 1125 1055 1141 .
1081 1125 1089 1138 .
1115 1124 1121 1139 .
1150 1082 1291 1148 debuerit,
1327 1082 1381 1140 sed

206 1168 393 1230 coniunctivo
421 1187 494 1228 usus
518 1172 565 1228 est
588 1167 705 1245 Cicero,
732 1168 780 1228 vel
803 1168 882 1242 quod
905 1169 1095 1228 subiunctum
1118 1173 1166 1228 est
1191 1169 1380 1228 enuntiatum

206 1256 348 1331 primario
377 1258 409 1316 in
436 1257 623 1316 coniunctiva
650 1257 761 1332 posito,
789 1256 837 1315 vel
866 1259 944 1331 quod
972 1257 1148 1332 qualitatem
1175 1257 1299 1330 indicat,
1331 1259 1379 1318 vel

207 1347 287 1420 quod
309 1365 395 1405 suam
419 1344 521 1404 Cicero
545 1345 685 1422 proponit
707 1345 928 1420 cogitationem.
973 1347 1109 1422 Itemque
1132 1347 1169 1406 de
1192 1346 1242 1407 fin.
1256 1346 1307 1423 IV,
1324 1350 1378 1408 19:

204 1433 286 1493 Scire
304 1438 387 1508 cupio
406 1463 457 1494 ;..
476 1436 614 1508 quidnam
631 1436 734 1494 borum
756 1436 793 1493 ab
813 1451 843 1492 eo
867 1434 1008 1505 (Zenone)
1030 1453 1088 1494 non
1110 1438 1157 1493 sit
1172 1438 1377 1508 probatum,

206 1525 316 1595 quodne
345 1539 459 1582 manaa
480 1529 620 1583 naturum
648 1525 883 1583 conservatricem
904 1526 953 1582 sui
979 1525 1137 1583 dicerint
1163 1543 1204 1582 an
1231 1527 1307 1598 quod
1328 1531 1378 1586 cet.

205 1614 364 1672 dicerint
398 1614 529 1687 positum
568 1616 628 1685 est,
669 1613 718 1672 vel
758 1611 838 1687 quod
880 1611 1071 1672 subiunctum
1108 1618 1155 1672 est
1187 1615 1375 1672 enuntiatum

84 1751 89 1770 ,
204 1701 347 1776 primario
370 1701 572 1773 coniunctim,
603 1701 652 1760 vel
675 1701 766 1777 quod,
799 1706 834 1759 ut
860 1701 1004 1776 Madvigii
1031 1702 1130 1761 verbis
1158 1705 1239 1778 utar,
1273 1701 1376 1762 Cicero

204 1790 294 1848 simul
312 1791 368 1850 hoc
390 1790 511 1848 rettulit
533 1790 572 1848 ad
594 1790 720 1849 Zenonis
739 1789 935 1865 improbantis
958 1791 1108 1863 iudicium,
1132 1793 1251 1865 tempus
1274 1795 1376 1850 tamen

203 1878 289 1938 verbi
312 1897 348 1938 ex
371 1897 427 1937 sua
448 1897 577 1953 persona
598 1879 711 1955 posuit,
740 1897 801 1937 non
822 1879 1149 1956 plusquamperfectum
1176 1899 1212 1938 cx
1240 1881 1374 1954 Zenonis

203 1967 234 2024 id
257 1969 405 2042 estquod
428 1968 665 2042 repraesentatio
689 1968 769 2026 facta
792 1972 846 2028 cst.

292 2055 366 2115 Post
383 2056 563 2131 potentiales
582 2059 701 2116 tantum
719 2056 767 2116 vel
786 2056 898 2115 similes
921 2057 1123 2118 coniunctivae
1141 2057 1268 2133 perfecti
1290 2078 1373 2135 prae-

202 2163 272 2203 sens
294 2144 343 2204 vel
366 2146 531 2220 perlectum
555 2145 715 2205 invenitur.
761 2142 844 2203 Conf.
869 2144 956 2204 Tusc.
979 2145 1016 2221 V,
1042 2148 1095 2205 te:
1126 2164 1161 2205 ea
1183 2150 1233 2220 qui
1255 2149 1376 2222 adeptum

202 2236 262 2300 sit,
282 2251 334 2292 eur
357 2252 421 2292 eum
443 2236 557 2294 beatum
579 2235 662 2294 modo
686 2238 711 2291 et
732 2251 791 2292 non
814 2235 1009 2294 beatissimum
1032 2237 1118 2293 etium
1136 2237 1294 2295 dincrim.

290 2322 458 2382 Infinitivos
487 2325 589 2381 cirtem
617 2326 647 2381 et
673 2321 831 2397 participia
857 2323 1024 2396 praesentis
1052 2323 1101 2382 vel
1129 2324 1223 2383 futuri
1251 2343 1374 2400 aprae-

202 2411 300 2470 teritis
326 2410 486 2486 pendentia
511 2411 721 2486 imperfectum
747 2411 796 2470 vel
823 2411 1149 2486 plusquamperfectum
1176 2414 1262 2488 sequi
1287 2413 1374 2472 intel-

201 2499 315 2574 legitur
340 2519 375 2558 ex
398 2501 463 2558 loco
483 2500 520 2558 de
534 2519 576 2559 or.
590 2500 640 2575 ΙΙΙ,
658 2503 692 2557 1:
718 2501 929 2558 Instituenti
951 2501 1031 2567 mibi,
1055 2500 1158 2574 Quinte
1179 2503 1282 2574 frater,
1310 2521 1375 2560 aun

200 2605 358 2647 samonem
380 2591 490 2662 referre
513 2593 539 2646 et
565 2590 708 2647 mandare
733 2589 800 2646 baie
826 2591 907 2647 tertio
935 2590 1021 2656 libro,
1054 2607 1136 2661 quem
1158 2595 1226 2662 post
1251 2588 1375 2652 Antonii

201 2678 421 2750 disputatorem
432 2676 559 2736 Crassus
571 2678 763 2743 tabuisset,
779 2678 882 2735 acerba
896 2695 967 2736 sane
975 2680 1134 2738 recordatio
1148 2683 1269 2738 ueterem
1282 2681 1374 2738 animi

201 2783 303 2824 auam
320 2768 533 2839 molestiamque
554 2768 747 2824 renouauit.

289 2854 436 2914 Praesens
464 2855 637 2914 historicum
667 2857 824 2929 utramque
852 2855 1092 2914 consecutionem
1120 2855 1219 2914 habet.
1266 2855 1374 2916 Confer
1471 2923 1473 2928 ¹

201 2941 288 3004 Catil.
311 2943 369 3017 ΙΙΙ,
396 2945 449 3001 14;
479 2943 613 3002 Primum
639 2945 711 3002 mibi
734 2946 849 3016 pratiae
871 2946 965 3004 uerbis
987 2946 1175 3018 amplissimis
1202 2950 1373 3018 apuntur,

200 3033 277 3104 quod
298 3035 415 3099 uirtute,
439 3033 571 3100 canalio,
588 3034 772 3105 procidentia
794 3050 859 3090 mea
885 3034 1049 3106 respublica
1075 3036 1211 3093 umciruis
1232 3035 1373 3107 periculis

200 3123 246 3179 sit
279 3122 415 3190 liberata·
446 3121 547 3180 deiude
573 3121 610 3178 L.
640 3120 767 3180 Ftaecus
800 3127 826 3179 ct
853 3120 884 3179 C.
911 3122 1083 3195 Pomptinus
1104 3127 1268 3196 praetores,
1298 3124 1383 3196 quod,

201 3227 299 3268 corum
321 3227 410 3284 opera
432 3211 501 3283 forti
523 3210 657 3281 fidelique
674 3228 746 3268 usus
769 3227 888 3276 essem,
911 3213 1011 3268 merito
1031 3229 1065 3270 ac
1083 3213 1146 3270 iure
1169 3213 1372 3271 laudantur.

200 3297 336 3372 Itemque
364 3318 432 3357 cum
459 3299 502 3356 eis
530 3299 751 3373 praesentibus,
784 3316 860 3374 quae
889 3298 919 3356 in
952 3299 1109 3358 sententiis
1138 3299 1315 3375 scriptorum
1342 3305 1373 3358 et

199 3385 445 3462 philosophorum
469 3387 648 3462 exponendis
672 3390 865 3464 usurpantur,
889 3397 919 3445 et
942 3387 1116 3464 imperfecta
1134 3389 1184 3448 vel
1202 3389 1372 3465 plusquam-

199 3475 334 3550 perfecta
361 3487 392 3534 ct
419 3476 589 3551 praesentia
618 3477 665 3536 vel
698 3476 830 3551 perfecta
861 3477 1092 3551 coniunguntur.
1142 3476 1250 3536 Confer
1283 3477 1371 3538 Tusc.

199 3563 255 3636 ΙΙΙ,
280 3565 335 3624 63:
358 3563 514 3624 Aeschines
535 3567 568 3623 in
590 3563 808 3624 Demosthenem
830 3565 1022 3632 inuehitur,
1046 3567 1122 3638 quod
1144 3569 1306 3640 isseptimo
1325 3569 1371 3626 dic

193 3657 262 3727 post
283 3655 364 3725 iniae
385 3658 505 3712 mortem
525 3655 636 3714 bestias
657 3655 918 3713 immolavisset.
928 3647 953 3733 ¹)
990 3655 1027 3712 de
1046 3654 1104 3714 div.
1123 3655 1163 3726 ΙΙ,
1187 3657 1242 3714 25:
1264 3655 1370 3714 Home-

198 3761 251 3802 rus
277 3747 438 3816 querentem
463 3742 564 3800 Ionem
598 3744 747 3808 inducit,
780 3743 855 3815 quod
883 3741 1078 3815 Sarpedonem
1109 3745 1204 3815 filium
1233 3761 1253 3801 a
1281 3748 1371 3804 morte

199 3836 299 3890 contra
320 3833 417 3904 fatum
439 3833 548 3904 apere
570 3847 629 3889 non
646 3835 774 3903 posset.
817 3829 928 3889 Contra
950 3831 987 3889 de
1011 3832 1058 3890 off.
1082 3832 1121 3905 H,
1147 3832 1202 3891 76:
1226 3832 1371 3892 Laudat

197 3918 376 3991 Africanum
398 3919 567 3986 Panaetius,
590 3921 666 3992 quod
686 3921 798 3992 suerit
820 3921 974 3978 abstinens.
1007 3920 1043 3980 de
1058 3913 1114 3980 off.
1139 3919 1176 3992 ΙΙ,
1201 3921 1256 3982 53:
1279 3922 1370 3980 Prae-

198 4009 275 4066 clare
305 4009 338 4066 in
372 4009 490 4080 epotata
521 4009 649 4080 quadam
675 4005 879 4068 Alexandrum
904 4009 1000 4079 fitium
1027 4009 1182 4082 Philippus
1212 4016 1369 4078 accusat,

197 4098 273 4170 quod
296 4097 448 4170 larpitione
471 4097 691 4156 benevolentiam
714 4097 908 4156 Macedonum
930 4101 1159 4156 consectetur.

270 4267 296 4335 1)
315 4264 380 4320 Non
406 4267 481 4320 recte
503 4264 591 4334 igitur
609 4265 778 4320 Dieiiichius
797 4266 814 4322 Ι.
839 4283 862 4320 c.
889 4283 916 4335 p.
939 4271 971 4320 21
995 4267 1049 4322 hoc
1072 4267 1134 4322 loco
1157 4267 1369 4337 plusquamper-

197 4337 301 4392 fectum
321 4335 507 4390 neoessorium
525 4336 611 4391 fuisse
631 4339 721 4406 putat.
759 4337 818 4392 Nec
835 4353 901 4391 vero
920 4337 1011 4393 minus
1030 4341 1104 4392 errat
1121 4338 1233 4394 Bessius
1251 4339 1279 4402 (l.
1299 4357 1322 4393 c.
1340 4356 1368 4408 p.

199 4409 251 4475 11),
271 4407 320 4476 qui
338 4407 534 4476 imperfectum
548 4409 577 4461 et
589 4407 892 4477 plusquamperfectum
912 4408 951 4462 eis
966 4408 1053 4462 solere
1071 4409 1139 4464 locis
1158 4409 1277 4463 inveniri
1291 4409 1368 4479 dicit,

107 4501 118 4518 κ
198 4477 298 4548 quibus
321 4478 495 4533 enuntiatum
517 4479 710 4533 secundarium
731 4496 794 4532 cum
812 4478 946 4547 primario
965 4479 1125 4535 accusativo
1149 4497 1212 4534 oum
1230 4480 1368 4536 infinitivo

195 4549 374 4605 coniunctum
392 4550 438 4604 sit.
