3366 5266
677 381 895 446 -43„

201 549 286 608 Verr.
310 547 332 621 I,
357 550 390 606 4:
419 551 468 621 qai
490 551 532 607 ita
555 550 697 608 dictitat
715 539 769 619 (sc.
794 553 821 606 et
842 546 1009 620 dictitavit),
1038 548 1079 605 eis
1102 564 1161 607 esse
1182 547 1372 612 metaeadraa,

138 693 142 699 .
200 640 258 710 qai,
277 639 352 710 qaod
369 639 442 711 ipsis
460 639 529 696 sotis
547 641 618 697 satis
637 643 737 703 essct,
757 640 1033 710 surripuisseat,
1052 653 1082 694 sc
1100 639 1211 694 taratara
1226 637 1372 709 eripuisse,

200 731 232 785 at
259 728 290 785 id
316 727 415 784 mattis
441 728 513 786 satis
538 745 596 785 esse
618 728 741 800 possit.
787 746 815 800 p.
839 725 902 786 Mil.
926 727 966 784 96
993 743 1036 800 sq.
1063 728 1132 800 post
1160 725 1241 782 addit
1269 721 1371 797 (Mite)
1455 753 1459 762 ·

200 815 329 890 primum
357 811 540 890 praesentia,
572 819 637 873 tum
669 819 823 890 tamquam
855 813 880 872 si
912 813 1109 890 praecesserit
1141 813 1266 880 addidit,
1295 812 1373 888 quod

202 903 304 980 utique
327 903 392 961 fieri
414 903 527 980 potuit,
549 903 723 981 imperfecta
746 895 948 981 sequuntur.¹)

747 1063 776 1138 ἓ.
801 1067 830 1124 9.

292 1180 476 1240 Infinitivum
515 1179 688 1239 historicum
726 1180 963 1240 consecutionem
1000 1179 1111 1238 hebere
1143 1179 1375 1254 praeteritorum

202 1273 329 1346 apparet
348 1289 384 1328 ex
401 1270 466 1328 loco
489 1289 518 1346 p.
536 1269 621 1328 Rosc.
645 1269 712 1327 Am.
737 1270 791 1328 28:
815 1269 866 1327 Ita
889 1270 982 1340 toqui
1004 1269 1146 1327 homiues:
1168 1270 1243 1341 qaod
1265 1270 1375 1328 iudicia

203 1363 262 1418 tara
281 1360 333 1417 dia
351 1361 431 1432 facta
454 1377 513 1416 aaa
532 1362 661 1424 esseut,
685 1360 869 1417 caademaari
893 1375 956 1416 eara
976 1362 1112 1428 oportere,
1136 1360 1185 1430 qui
1202 1360 1320 1431 prirrras
1342 1361 1374 1416 ia

202 1449 343 1507 iudicium
366 1449 507 1506 adductas
530 1451 625 1506 essct.

290 1535 427 1611 Itemque
451 1555 518 1594 eum
542 1555 575 1595 eo
599 1535 747 1594 infinitivo
775 1536 956 1610 praesentis,
984 1533 1036 1610 qui
1059 1553 1077 1591 e
1099 1536 1191 1593 verbo
1214 1535 1375 1594 memiaisse

202 1625 326 1701 pendet,
364 1625 503 1700 quoniam
534 1625 702 1701 imperfecti
734 1624 795 1684 vim
827 1625 971 1698 continet,
1008 1622 1184 1698 imperfecta
1215 1622 1264 1681 vel
1295 1623 1374 1698 plus·

203 1714 425 1789 quamperfecta
452 1713 679 1790 coniunguntur.
731 1712 819 1772 Catil.
846 1713 870 1786 I,
901 1715 932 1772 7:
965 1712 1207 1771 Meministine
1233 1729 1278 1768 rae
1310 1716 1376 1770 arete

203 1805 277 1862 dicar
303 1803 376 1862 XII
390 1803 542 1862 Kateadas
560 1803 736 1863 Nouembres
754 1805 847 1862 dicere
869 1804 901 1860 ire
922 1805 1025 1860 seriata
1048 1801 1111 1873 fore
1132 1803 1165 1858 ia
1188 1803 1279 1858 armis
1303 1805 1376 1859 certo

203 1894 257 1959 die,
281 1894 331 1964 qai
352 1887 415 1967 dies
436 1894 554 1964 futuras
578 1897 665 1951 esset
687 1897 753 1950 arete
778 1894 853 1950 diem
877 1891 924 1950 VI
939 1890 1009 1948 Kal.
1028 1889 1212 1959 Nouembres,
1237 1887 1268 1950 C.
1287 1889 1376 1949 Maa-

124 1991 127 1998 '
204 1981 297 2040 tiara?
342 1978 426 2039 Conf.
451 1978 514 2038 Cat.
538 1981 608 2039 Mai.
633 1983 683 2042 30.
708 1981 746 2040 ad
769 1981 838 2041 fam.
861 1980 918 2058 III,
944 1981 993 2056 10,
1019 1981 1047 2040 6.

735 2121 763 2198 e.
789 2125 839 2183 10.

292 2237 338 2297 De
367 2237 563 2298 coniunctivis
597 2237 765 2314 imperfecti
797 2241 827 2297 et
858 2237 1144 2314 plusquamperfecti
1175 2237 1376 2313 hypotheticis

203 2327 281 2386 idem
306 2326 463 2386 dicendum
487 2331 546 2402 est,
574 2328 653 2402 quod
677 2346 769 2403 supra
790 2327 822 2385 iu
845 2325 1130 2404 interrogationibus
1154 2325 1283 2402 obliquis
1312 2326 1377 2386 fieri

203 2407 369 2495 diximus.²)
417 2413 525 2474 Confer
547 2415 633 2476 Tuse.
656 2416 710 2489 III,
735 2418 790 2476 35:
814 2417 934 2474 Diceres
956 2417 1068 2488 aliquid
1091 2419 1116 2473 et
1136 2433 1242 2488 macae
1264 2417 1377 2488 quidem

198 2505 368 2578 ptitasapto
391 2507 523 2578 dipaarre,
552 2508 579 2564 si
607 2523 640 2564 ea
663 2507 738 2565 baria
761 2523 819 2564 esse
841 2507 1004 2572 seatires,
1034 2521 1107 2577 qaae
1130 2508 1244 2563 esseut
1265 2505 1377 2562 tiaratae

204 2595 384 2668 dipaissirua.
430 2614 459 2669 p.
477 2593 550 2652 Sull.
571 2595 607 2652 5:
631 2591 681 2652 Aa
699 2612 765 2652 cera
783 2597 816 2652 iri
834 2596 936 2666 quibas
954 2594 1097 2653 satscttiis
1114 2593 1184 2652 baec
1206 2597 1377 2652 errarueata

204 2701 238 2741 ac
257 2684 369 2741 taraiaa
387 2684 561 2756 reipublicae
583 2684 717 2750 ciderera,
740 2685 772 2742 iri
794 2683 840 2742 aa
861 2701 906 2742 rue
928 2699 1071 2756 apparere
1093 2682 1232 2749 aetiam,
1256 2697 1378 2756 quaram

204 2789 252 2845 epa
281 2771 364 2830 iiiam
394 2773 426 2831 iri
455 2773 548 2830 lecara
578 2777 663 2845 atque
691 2775 723 2830 ia
753 2773 828 2831 taric
860 2773 1081 2831 arcebissiraara
1108 2773 1202 2830 sedem
1229 2773 1378 2844 dipaitatis

204 2865 288 2934 atquc
305 2862 422 2921 teucris
435 2862 534 2920 mattis
546 2863 617 2920 racis
632 2866 657 2920 a
669 2864 783 2934 raupais
797 2863 944 2921 laboribus
958 2865 984 2918 et
991 2861 1132 2934 periculis
1146 2851 1377 2936 ascemsserat)

292 2948 368 3008 Aliis
383 2948 457 3008 locis
472 2967 614 3025 praesens
630 2950 678 3009 vel
692 2950 857 3024 perfectum
871 2949 1035 3023 invenitur,
1054 2949 1116 3008 sive
1130 2948 1376 3024 repraesentatio,

204 3036 301 3113 qualis
329 3037 359 3096 in
388 3037 524 3098 omnibus
553 3038 726 3114 praeteritis
754 3038 818 3097 fieri
845 3040 959 3114 potest,
992 3037 1040 3098 bic
1068 3056 1185 3112 quoque
1213 3038 1294 3097 facta
1322 3042 1377 3110 est,

204 3128 266 3187 sive
290 3127 335 3186 vis
359 3127 494 3201 modalis,
518 3146 577 3187 non
600 3127 777 3202 temporalis
800 3127 904 3186 valuit.
947 3125 1030 3185 Conf.
1054 3126 1140 3184 Tusc.
1159 3126 1195 3202 V,
1216 3128 1271 3185 18:
1296 3127 1379 3201 Qiccd

203 3218 235 3274 ai
252 3218 294 3274 ita
313 3221 392 3284 esset,
412 3235 464 3274 car
481 3216 602 3284 Stoicus,
622 3219 649 3275 si
667 3221 739 3276 essct
755 3217 925 3288 quaesitam,
944 3217 1051 3275 satisae
1070 3216 1109 3273 ad
1129 3217 1207 3274 beate
1225 3217 1378 3275 ciceridara

203 3307 298 3371 uirtus
321 3309 433 3379 posset,
451 3306 556 3364 'matta
589 3307 711 3364 diceret?
744 3308 790 3364 cai
821 3307 893 3364 satis
925 3309 1013 3364 esset
1039 3306 1222 3378 respeaderc,
1255 3322 1285 3364 sc
1313 3309 1378 3364 arete

204 3394 347 3461 docuisse,
374 3394 447 3453 uitii
474 3395 580 3452 bacam
608 3412 680 3461 esse,
707 3397 766 3454 ais-i
794 3395 869 3467 qaod
890 3394 1038 3452 toaestara
1061 3397 1131 3452 esset
1153 3383 1246 3474 (quod
1268 3395 1379 3470 pendet
1486 3463 1491 3472 Ι

204 3500 222 3539 a
254 3485 378 3558 regente
410 3482 570 3556 durasset·
606 3483 657 3541 tac
686 3485 811 3556 probato
848 3500 1019 3554 emaseaaeas
1051 3499 1110 3541 esse
1141 3484 1254 3541 beatara
1288 3486 1378 3542 citam

156 3584 161 3591 ·
203 3573 308 3629 uirtute
331 3587 390 3630 esse
409 3576 583 3642 corcteatarri,¹
612 3576 637 3630 et
659 3573 796 3646 qaoruodc
819 3572 870 3630 boc
892 3573 940 3630 sit
962 3589 1133 3644 consequeris
1155 3572 1212 3637 ilii,
1241 3573 1283 3629 sic
1305 3573 1379 3630 iliad

203 3661 282 3727 isaie,
309 3664 354 3727 at,
383 3661 409 3720 si
437 3662 520 3720 beata
542 3663 602 3721 cita
625 3663 728 3720 cirtatc
753 3665 882 3719 ecateida
903 3663 954 3726 sit,
984 3661 1043 3718 riisi
1064 3660 1212 3718 dadastam
1235 3661 1310 3733 qaod
1332 3663 1377 3728 sit,

204 3749 277 3807 aaa
309 3750 392 3808 atiud
423 3752 460 3808 sit
492 3752 605 3809 boream.
661 3747 726 3808 Hoc
758 3749 821 3808 loeo
854 3748 892 3808 ab
924 3748 1106 3823 imperfectis
1137 3749 1175 3806 ad
1207 3749 1380 3824 praesentia

205 3837 371 3897 orationem
397 3838 567 3897 traductam
600 3856 665 3897 esse
693 3837 846 3896 Petersius
879 3841 995 3909 censet,
1025 3857 1078 3911 ne,
1111 3838 1137 3896 si
1169 3837 1378 3897 condicionalis

203 3927 301 3984 forma
314 3925 548 4002 continuaretur,
563 3927 674 3986 veritas
691 3925 907 3985 sententiarum
920 3927 952 3984 in
962 3925 1148 3986 dubitatione
1158 3925 1302 3984 collocata
1313 3945 1378 3986 esse

203 4006 392 4093 videreturt)
421 4016 458 4074 ad
472 4015 541 4074 fam.
556 4015 593 4088 V,
609 4018 660 4089 17,
675 4017 708 4074 3:
726 4015 810 4074 Itiad
821 4018 936 4074 utiaara
949 4033 984 4074 ae
1001 4032 1067 4074 cere
1084 4016 1286 4082 scriberem,
1306 4033 1340 4074 ea
1354 4020 1380 4074 te

203 4104 351 4176 republica
365 4121 471 4171 carere,
486 4107 518 4163 ia
531 4123 589 4178 qaa
602 4107 744 4164 aerataera
751 4106 925 4178 maduetera
937 4105 1079 4162 taraiaeru
1092 4121 1139 4162 res
1151 4104 1214 4162 atta
1228 4104 1378 4164 delectet.

276 4275 301 4342 1)
321 4274 356 4328 cf.
374 4273 467 4328 Halm.
486 4274 522 4328 ud
541 4275 567 4330 b.
587 4275 605 4328 l.
630 4275 660 4328 et
677 4273 804 4328 Bassium
822 4274 840 4326 l.
861 4291 883 4330 c.
903 4275 924 4342 I,
944 4291 970 4342 p.
992 4279 1033 4326 11.
1056 4273 1091 4340 II,
1110 4291 1136 4341 p.
1157 4277 1181 4326 5.
1220 4270 1283 4326 Nisi
1306 4271 1378 4326 forte

181 4402 187 4410 ,
204 4362 266 4398 cum
278 4344 487 4400 Kramarczikio
501 4346 529 4412 (l.
546 4363 566 4398 c.
584 4364 611 4414 p.
628 4347 673 4412 14)
688 4345 883 4414 imperfectum
898 4342 1089 4400 condicionali
1104 4360 1164 4401 esse
1179 4342 1378 4404 existimamus.

274 4420 304 4626 Ξ
321 4415 480 4612 {dprdeeffi
491 4423 642 4557 1l1cpp253
658 4504 698 4556 sq.
735 4487 868 4558 Drccger.
888 4486 906 4543 l.
926 4503 949 4542 c.
968 4469 995 4558 p.
1016 4491 1067 4540 290
1082 4503 1122 4561 sq.

334 4573 382 4612 .c.
400 4576 429 4628 p.
483 4600 489 4612 .
959 4584 964 4592 ·
