3366 5266
679 311 995 392 ³-m-

390 494 464 554 Cum
488 495 653 570 participiis
676 495 809 569 perfecti,
833 495 891 554 etsi
914 496 1037 554 verbum
1055 495 1173 553 finitum
1198 495 1238 553 sit
1260 511 1402 568 praesens
1426 497 1474 554 vel

299 585 448 656 futurum,
479 584 685 659 imperfectum
703 585 751 642 vel
774 584 1095 660 plusquamperfectum
1127 583 1265 658 coniungi
1289 586 1414 658 apparet
1436 603 1473 642 ex

301 673 355 733 hoc
379 673 454 731 loco:
483 673 519 730 de
542 672 600 747 leg.
623 672 681 748 III,
707 675 761 730 33:
789 673 910 739 Dicam,
939 673 1014 739 Tite,
1044 678 1070 730 et
1091 674 1227 730 versabor
1249 674 1281 730 im
1303 689 1335 730 re
1358 660 1475 746 difficili

302 779 336 819 ae
357 763 479 820 mattam
502 767 528 820 et
549 779 634 834 saepe
661 763 838 834 quaesita,
865 762 1011 834 saffrapia
1037 763 1210 834 mapistrota
1232 762 1400 820 maaaaaao
1423 765 1476 820 aat

301 867 349 908 mo
377 851 544 917 iudicando,
574 852 631 924 leae
657 854 709 908 aat
734 853 880 923 ropatioae
906 852 1066 917 miscenda,
1100 851 1175 908 ctam
1202 867 1242 908 aa
1263 851 1369 922 palam
1398 853 1475 922 seme

300 939 403 998 melias
431 943 513 1006 esset,
546 938 597 996 ubi
626 939 788 996 secundum
816 957 927 998 morem
957 939 1087 1014 aliquem
1114 938 1257 996 Latinum
1284 939 1474 996 enuntiatum

304 1027 510 1088 secundarium
525 1028 562 1085 ab
576 1028 754 1102 interposita
769 1027 915 1086 enuntiati
933 1030 1018 1102 parte
1037 1027 1159 1103 pendet3
1179 1046 1248 1085 nam
1267 1027 1325 1086 nisi
1344 1029 1475 1100 quaesita

302 1116 512 1192 interpositum
536 1118 629 1192 esset,
653 1116 841 1176 scribendum
860 1115 967 1175 fuisset
989 1118 1097 1187 melias,
1113 1119 1159 1175 sit.
1169 1107 1192 1195 ¹)

392 1399 466 1458 Cum
485 1419 519 1460 eo
537 1400 669 1476 perfecto
694 1390 884 1481 (indicativi),
909 1400 987 1475 quod
1010 1399 1101 1458 habet
1124 1400 1312 1458 enuntiatum
1335 1401 1475 1460 secunda-

302 1491 380 1552 rium
403 1489 557 1564 primario,
580 1489 611 1546 in
635 1508 693 1565 quo
716 1507 857 1563 praesens
881 1488 1011 1563 positum
1035 1492 1094 1560 est,
1118 1489 1317 1562 subiunctum,
1340 1489 1475 1548 utactio

306 1577 484 1636 antecedens
509 1578 705 1654 significetur,
730 1596 796 1634 earm
818 1596 872 1636 nos
895 1575 992 1652 patrio
1017 1595 1152 1635 sermone
1174 1578 1325 1652 praesenti
1346 1582 1476 1654 utamur,

305 1666 465 1725 Lievenias
489 1670 520 1724 et
542 1685 683 1742 praesens
701 1667 749 1724 vel
767 1666 933 1741 perfectum
957 1670 987 1724 et
1004 1666 1211 1740 imperfectum
1234 1668 1282 1725 vel
1305 1668 1477 1742 plusquam-

303 1756 467 1830 perfectum
497 1755 635 1831 coniungi
663 1773 750 1830 posse
774 1745 965 1832 existimat.²)
1012 1755 1077 1830 Ego
1100 1773 1183 1827 vero,
1212 1755 1269 1813 nisi
1293 1756 1353 1814 alia
1381 1756 1478 1814 subsit

304 1862 402 1919 causa,
428 1862 480 1902 cur
502 1862 643 1919 praesens
666 1845 715 1907 vel
736 1843 901 1918 perfectum
919 1846 1056 1918 ponatur,
1073 1843 1184 1918 ¹quales
1208 1837 1328 1923 supra3)
1353 1845 1477 1919 expliea-

304 1933 410 2006 vimus,
434 1933 608 2008 imperfecto
631 1932 679 1991 vel
702 1932 993 2008 plusquamperfecto
1017 1933 1159 1990 utendum
1183 1951 1248 1991 esse
1270 1937 1353 2008 puto.
1398 1933 1477 1990 Nam

304 2041 339 2080 ex
369 2021 411 2081 eis
441 2021 528 2095 locis,
556 2039 629 2096 quos
653 2021 812 2080 Lieveuius
841 2022 956 2092 attulit,
985 2021 1042 2078 duo
1070 2021 1127 2094 illi,
1156 2021 1206 2096 qui
1233 2022 1291 2080 huc
1318 2022 1477 2096 pertinent,

305 2111 365 2168 alia
396 2111 513 2169 ratione
544 2110 632 2169 facile
668 2102 905 2189 expedientem)
961 2108 1163 2185 Similiterque
1196 2110 1232 2168 de
1264 2128 1304 2170 or.
1334 2110 1392 2184 ΙΙΙ,
1421 2114 1476 2169 31:

303 2200 415 2257 Haeret
436 2201 469 2257 ia
491 2218 582 2258 caasa
604 2217 715 2272 semper
738 2203 772 2266 et,
796 2199 865 2271 qaid
886 2199 976 2256 iudici
992 2200 1179 2270 probandam
1202 2201 1260 2266 sit,
1285 2201 1350 2257 eim
1372 2202 1476 2258 acatis-

302 2290 375 2347 sime
403 2289 507 2355 oidit,
537 2291 650 2347 omissis
678 2290 776 2346 ceteris
803 2289 980 2360 armamentis
1007 2289 1038 2346 ia
1062 2305 1092 2346 eo
1119 2292 1240 2346 meatem
1267 2291 1478 2361 orationemque

304 2379 414 2450 slefipit,
446 2377 612 2451 perfectum
634 2376 700 2434 ideo
731 2375 860 2452 positum
884 2380 941 2448 est,
971 2376 1047 2450 quod
1077 2376 1116 2447 is,
1144 2376 1194 2451 qui
1221 2377 1476 2452 loquitur,·illam

304 2465 516 2541 cogitationem
536 2467 571 2523 ut
589 2484 674 2524 suam
698 2465 843 2540 proponit.
884 2463 962 2527 Nam
982 2463 1008 2522 si
1025 2465 1189 2539 perfectum
1209 2465 1328 2540 aliquod
1347 2467 1478 2540 positum

305 2558 364 2626 cst,
389 2573 449 2614 non
472 2554 594 2613 obstant
616 2554 835 2626 tantummodo,
859 2556 893 2611 ut
916 2554 959 2611 ait
981 2553 1154 2626 Lievenius,
1178 2553 1293 2612 dicendi
1316 2554 1478 2629 cogitandi·
1534 2607 1537 2614 ,

305 2661 363 2718 que
386 2643 477 2718 leges,
501 2643 658 2718 quominus
682 2643 889 2717 imperfectum
913 2643 960 2700 vel
978 2643 1302 2717 plusquamperfectum
1326 2643 1477 2718 sequatur,

306 2731 356 2790 sed
379 2749 446 2789 mea
470 2731 587 2806 quidem
614 2732 761 2790 sententia
783 2731 838 2789 hoc
862 2730 952 2789 etiam
975 2731 1137 2805 postulant.
1183 2733 1296 2806 Atque,
1326 2735 1361 2789 ut
1384 2751 1478 2790 exem-

303 2820 386 2894 plum
410 2819 440 2877 in
463 2819 594 2878 medium
617 2821 774 2896 proferam,
798 2819 933 2878 conferas
956 2819 1046 2878 velim
1071 2819 1107 2877 de
1130 2821 1178 2878 off.
1201 2820 1228 2894 I,
1254 2823 1331 2878 117:
1374 2821 1479 2892 Itaque

304 2912 370 2967 ame
392 2909 558 2982 implicatae
582 2911 677 2982 aliquo
701 2913 774 2968 certo
802 2927 901 2982 amere
924 2926 1065 2982 caesaque
1087 2910 1213 2977 oioemii,
1242 2927 1329 2982 qaam
1346 2911 1477 2982 potuit,

305 2997 380 3070 qaod
403 2999 541 3070 optimam
564 3003 664 3066 esset,
687 2999 825 3056 iudicare.

841 3137 870 3214 s.
896 3143 947 3200 ro.

396 3261 469 3321 Cum
492 3263 641 3337 praesenti
666 3261 806 3320 historico
831 3261 933 3320 Cicero
955 3263 1003 3321 vel
1029 3281 1169 3337 praesens
1193 3265 1225 3321 et
1246 3263 1411 3338 perfectum
1430 3266 1479 3324 vel

304 3351 512 3426 imperfectum
531 3354 561 3410 et
579 3351 902 3426 plusquamperfectum
922 3351 966 3410 ita
984 3351 1150 3428 coniungit,
1174 3355 1208 3409 ut
1228 3354 1351 3411 verbum
1372 3372 1478 3430 regens

305 3440 470 3500 antecedat.
509 3437 617 3498 Confer
631 3439 715 3498 Verr.
734 3439 773 3512 ΙΙ,
789 3441 911 3510 5,'102:
929 3439 1062 3499 Advocat
1081 3443 1187 3499 amicos
1204 3443 1318 3511 statim·
1337 3445 1480 3514 qaaerit

380 3613 405 3680 1)
425 3609 458 3666 cf.
478 3608 612 3664 Dietn'ch.
639 3608 745 3678 quaest.
760 3625 885 3678 gramm.
910 3610 939 3662 ct
962 3607 1021 3665 erit.
1046 3609 1080 3664 de
1103 3609 1173 3664 locis
1196 3608 1305 3678 aliquot
1329 3610 1384 3666 Cic.
1403 3610 1478 3680 Lips.

379 3757 406 3820 2)
425 3752 443 3807 l.
464 3769 486 3807 c.
506 3769 533 3820 p.
555 3757 595 3806 17.

377 3827 405 3886 3)
424 3827 448 3886 ξ.
467 3830 492 3877 3.
513 3824 541 3876 et
560 3827 583 3887 5.
601 3827 629 3877 5.

377 3895 404 3962 4)
425 3893 466 3947 De
488 3892 550 3946 loco
580 3893 614 3948 de
638 3893 682 3948 fin.
707 3893 741 3961 V,
765 3899 797 3946 41
823 3893 857 3948 cf.
881 3911 945 3963 pag.
967 3901 1008 3948 13.
1032 3896 1098 3960 not,
1118 3894 1152 3946 de
1171 3893 1189 3951 l.
1209 3893 1243 3946 de
1262 3893 1308 3948 fin.
1329 3893 1361 3960 V,
1387 3900 1422 3947 24
1445 3893 1479 3948 cf.

306 3982 368 4033 pag.
387 3970 427 4021 19.
464 3964 505 4018 De
525 3964 632 4018 duobus
651 3962 708 4018 illis
728 3964 843 4034 reliquis
862 3965 940 4032 locis,
959 3965 1007 4034 qui
1026 3965 1062 4018 acl
1082 3963 1234 4018 orationem
1255 3964 1400 4031 obliquam
1418 3982 1479 4033 pcr-

306 4035 406 4103 tinent,
426 4035 497 4090 conf.
512 4034 585 4089 infra
599 4052 660 4104 cap.
675 4035 709 4103 Il,
729 4041 751 4100 ξ.
771 4043 796 4090 d.
830 4035 961 4104 Superest
978 4036 1061 4090 finale
1076 4035 1257 4089 enuntiatum.
1291 4036 1328 4106 At
1342 4034 1371 4088 iu
1385 4035 1479 4089 liuius·

307 4105 382 4160 modi
408 4105 560 4160 enuntiatis
588 4109 652 4174 post
672 4107 740 4174 perf.
768 4107 843 4175 apud
870 4105 977 4175 priscos
995 4106 1144 4176 scriptores
1169 4104 1285 4160 Latinos
1308 4105 1478 4175 saepissime,

307 4177 381 4245 apud
400 4175 559 4230 Ciceronem
584 4176 732 4245 aliquoties
755 4194 886 4246 praesens
912 4177 1065 4245 invenitur,
1090 4194 1144 4246 quo
1169 4176 1316 4231 consilium
1339 4177 1480 4245 praesenti

307 4247 393 4301 etiam
416 4253 541 4316 tempore
564 4248 657 4302 valere
680 4247 827 4302 indicetur.
865 4248 942 4302 Conf.
966 4249 1091 4302 Brixiam
1114 4247 1150 4302 ad
1174 4247 1263 4302 Plaut.
1284 4245 1359 4302 Tria.
1386 4254 1427 4301 14.
1451 4251 1481 4301 et

307 4319 440 4372 Rothium
459 4319 477 4372 l.
497 4336 519 4372 c.
539 4337 566 4388 p.
588 4325 620 4372 15
640 4336 700 4386 sqq.
738 4320 778 4372 Ae
797 4335 831 4373 ne
850 4318 989 4373 desideres
1009 4319 1132 4373 eiusdem
1155 4317 1232 4373 illius
1251 4318 1328 4372 verbi
1348 4317 1479 4374 mittendi

308 4389 478 4458 exemplum,
497 4408 522 4443 v.
535 4389 680 4460 Amphitr.
702 4395 765 4444 195:

447 4479 527 4534 Mea
544 4483 628 4548 porta
641 4479 841 4546 praemisit,
858 4479 923 4533 haec
941 4483 971 4533 ut
990 4480 1139 4534 nuntiem
1157 4477 1241 4532 amori
1258 4493 1330 4532 suaa.
