3366 5266
681 347 977 490 feu-⁴²

205 583 238 624 ca
259 566 297 623 iis
319 565 501 638 siuqillatim,
525 567 590 636 quot
612 565 730 635 quisquc
752 567 859 622 mutas
876 563 1047 621 lectitarit.
1084 562 1169 622 Verr.
1189 562 1227 634 ΙΙ,
1249 568 1276 639 1,
1300 565 1378 623 132:

204 653 264 712 Iste
287 655 326 712 ad
352 671 382 712 se
404 654 572 712 Habonium
600 656 696 722 uocat·
723 654 877 724 quaerit,
906 653 1005 724 ecquid
1031 654 1091 717 sit,
1120 653 1196 724 quod
1223 655 1379 726 a.pupillo

204 743 343 801 traditum
369 760 427 800 aare
454 741 505 807 sit,
534 742 609 813 quod
636 742 710 814 eaiqi
737 742 843 800 debeat.
889 740 975 800 Tusa.
1000 739 1059 812 ΙΙΙ,
1083 741 1139 799 48:
1163 739 1379 800 Auimadoertit

206 831 354 890 Gracchus
385 834 417 889 iu
449 832 575 889 cautiore
603 829 738 888 Pisouem
768 833 905 898 stantem·
937 831 1079 901 quaerit
1109 830 1242 888 audieutc
1270 832 1379 904 populo

204 921 350 987 Romam,
381 922 430 992 qui
461 920 515 978 siti
547 922 688 982 coastat,
715 908 781 975 cum
811 935 844 976 ea
874 919 932 990 leqe
957 919 1135 990 frumentum
1162 923 1258 991 petat,
1291 937 1379 992 quam

205 1011 380 1067 dissuaserit.
398 1039 436 1050 ——
452 1006 537 1066 Verr.
556 1006 594 1080 ΙΙ,
616 1010 642 1078 1,
663 1008 717 1066 66:
742 1024 788 1065 cos
811 1009 943 1064 certiores
965 1008 1068 1080 facit,
1092 1008 1161 1079 quid
1183 1025 1256 1080 opus
1279 1012 1379 1067 esset.

205 1098 290 1156 Verr.
318 1097 361 1167 ΙΙ,
390 1099 424 1171 4,
453 1099 508 1155 51:
532 1097 755 1170 pronuntiat,
786 1095 855 1168 quid
881 1096 937 1154 siti
963 1097 1138 1168 imperatum
1166 1101 1270 1163 esset,
1304 1099 1380 1156 iubet

204 1204 302 1246 omues
323 1187 443 1258 offerre,
468 1185 542 1258 quod
565 1185 707 1244 laborent.
715 1176 741 1263 ¹)

294 1273 438 1343 eroniam
475 1273 505 1332 in
541 1273 608 1332 aliis
645 1272 861 1331 sententiarum
898 1272 1058 1347 generibus
1100 1277 1168 1348 post
1208 1275 1379 1348 praesentia

204 1363 402 1439 praegnantis
425 1362 444 1422 i.
473 1381 496 1422 e.
521 1382 568 1435 ea,
596 1379 672 1437 quaa
694 1362 795 1436 aliqua
818 1380 854 1419 ex
877 1365 962 1437 parte
985 1361 1110 1437 perfecti
1133 1363 1194 1420 vim
1218 1361 1378 1437 continent,

205 1451 370 1531 praeterita
396 1451 601 1526 inveniuntur,
628 1450 705 1507 nihil
733 1453 779 1509 est
806 1468 926 1527 causae,
956 1469 1009 1508 cur
1034 1470 1063 1525 p.
1090 1449 1167 1509 Tull.
1193 1453 1249 1510 38:
1277 1452 1380 1511 Dicis

204 1545 364 1617 oportere
392 1543 527 1614 quaeri,
558 1541 687 1598 homiues
712 1539 758 1597 M.
788 1539 877 1597 Tullii
899 1540 1012 1598 iuiuria
1038 1541 1123 1598 occisi
1155 1545 1268 1598 esseut
1293 1558 1380 1600 uecue

206 1629 356 1705 Madvigio
371 1621 526 1710 auotore²)
550 1629 714 1688 scribamus
737 1629 845 1687 occisi
867 1630 946 1686 siut.
977 1627 1057 1686 Nam
1070 1627 1162 1686 verbo
1182 1630 1254 1688 dicis
1272 1629 1380 1689 subau-

208 1718 346 1777 diendum
371 1721 418 1777 est
440 1719 599 1791 dixistique.

294 1807 478 1866 Infinitivum
505 1806 672 1881 praesentis
695 1805 869 1864 historicum
897 1805 1029 1881 itemque
1058 1825 1077 1864 a
1106 1808 1195 1866 verbo
1218 1799 1406 1868 memiuisse'

205 1896 384 1970 pendentem
412 1895 614 1954 coniunctivae
641 1895 808 1970 imperfecti
841 1895 890 1953 uel
922 1895 1208 1970 plusquamperfecti
1237 1896 1382 1972 sequitur.

206 1985 315 2044 Confer
339 1983 421 2043 Verr.
444 1982 487 2058 ΙΙ,
511 1987 544 2056 4,
570 1986 624 2044 63:
651 1984 843 2056 Posteaquam
865 1985 931 2042 iude
958 1985 1114 2043 discessum
1141 1987 1194 2050 est,
1224 1987 1381 2058 copitare

205 2074 278 2132 uitii
299 2075 352 2132 iste
374 2075 469 2140 aliud,
493 2075 568 2146 quod
590 2075 656 2146 qosa
677 2089 725 2131 res
747 2073 918 2139 declararit,
944 2073 1004 2131 uisi
1026 2074 1264 2145 quemadmodum
1286 2091 1381 2148 repem

206 2179 240 2221 eu
252 2165 407 2235 proeiueia
429 2163 584 2235 spoliatum
603 2163 813 2235 expilatumque
834 2161 1033 2220 dimitteret.
1051 2162 1083 2219 in
1097 2161 1156 2220 Pia.
1173 2164 1228 2222 69:
1250 2161 1381 2222 Graccus

201 2254 299 2324 primo
318 2252 536 2324 distiuqucre
554 2255 580 2309 et
597 2251 756 2310 diuidere
773 2251 836 2316 iilo,
854 2251 1094 2322 quamadmodum
1112 2250 1322 2309 dicereutur.
1339 2283 1381 2294 -

206 2339 292 2398 Verr.
305 2339 345 2412 ΙΙ,
359 2342 389 2412 4,
406 2341 468 2398 147
475 2359 482 2396 :
501 2339 553 2397 Me
566 2341 706 2398 memiui
716 2340 831 2398 dicere
843 2340 930 2412 focile
944 2356 1017 2399 esse
1024 2341 1222 2412 perspicuum,
1241 2345 1381 2412 quautam

205 2427 1380 2502 iutertruncetillumNumidicum,oerumacqermoaumilletdlumiuteressei.

738 2585 768 2662 ξ.
794 2593 843 2646 11.

295 2693 450 2770 Sequitur,
482 2697 517 2754 ut
548 2696 584 2753 de
617 2694 811 2754 coniunctivis
843 2694 1009 2769 imperfecti
1038 2697 1069 2753 et
1095 2695 1381 2771 plusquamperfecti

206 2783 407 2860 hypotheticis
421 2801 517 2858 pauca
536 2784 640 2843 dicam.
656 2783 790 2858 Apparet
809 2801 859 2842 eos
878 2784 1099 2858 grammaticos,
1118 2784 1169 2859 qui
1188 2803 1256 2843 eum
1274 2785 1381 2860 imper·

207 2874 285 2930 fecto
317 2873 363 2930 vel
396 2873 686 2948 plusquamperfecto
721 2872 888 2931 necessario
921 2871 1061 2948 coniungi
1092 2873 1300 2948 imperfectum
1332 2876 1380 2933 vel

206 2961 530 3036 plusquamperfectum
563 2962 682 3033 docent,
715 2959 772 3019 sibi
800 2980 859 3020 nou
887 2963 1036 3034 constare,
1067 2979 1134 3019 oum
1163 2961 1193 3019 iu
1218 2962 1380 3022 enuntiatis

207 3048 459 3109 condicionalibus
483 3050 692 3108 attractionem
716 3049 864 3125 quandam
886 3053 1055 3125 temporum
1077 3049 1142 3108 fieri
1166 3050 1274 3111 dicant.
1316 3051 1380 3110 Nos

208 3137 335 3214 quidem,
359 3137 411 3213 qui
429 3138 639 3197 attractionem
658 3140 689 3197 et
707 3139 951 3211 consecutionem,
971 3156 1059 3214 quam
1080 3141 1195 3211 vocant,
1213 3141 1381 3214 temporum

129 3251 132 3258 ¹
207 3227 318 3286 eisdem
328 3227 425 3286 causis
435 3227 515 3298 oriri,
529 3230 666 3303 tempora
679 3230 782 3286 autem
795 3226 958 3301 praeterita
971 3228 1062 3286 etiam
1076 3228 1106 3285 in
1121 3227 1243 3304 obliqua
1256 3228 1382 3287 interro

206 3315 328 3390 gatiano
336 3333 421 3374 suam
431 3315 491 3375 vim
502 3316 630 3374 retinere
641 3315 811 3388 dixerimus,
825 3315 901 3373 hane
909 3334 972 3374 rem
981 3315 1024 3375 ita
1034 3315 1232 3393 expediemus
1248 3320 1282 3375 ut
1290 3317 1381 3378 etiam

207 3404 237 3462 in
266 3402 460 3463 condicionali
488 3404 660 3480 imperfecto
685 3395 749 3484 (vel
772 3398 1077 3486 plusquamperfecto)
1103 3405 1162 3463 vim
1187 3405 1381 3480 praeteritam
1426 3431 1439 3452 ·

206 3493 304 3552 inesse
335 3511 517 3553 moneamus.
573 3491 658 3562 Quod
686 3492 806 3568 quidem
840 3511 944 3552 verum
980 3512 1046 3553 esse
1079 3492 1237 3552 Lievenius
1269 3493 1381 3570 optime

208 3581 378 3657 explicavit,
406 3600 474 3640 cum
498 3601 533 3640 er
555 3582 705 3658 particula
726 3599 803 3640 uuuc
826 3581 917 3653 (uuae
939 3601 1019 3650 aero,
1042 3600 1120 3642 uuuc
1141 3586 1249 3650 aedem,
1273 3601 1380 3658 graece

208 3671 265 3728 mir
283 3660 343 3750 δέ),
367 3689 426 3745 qua
444 3669 482 3729 ab
502 3671 656 3729 enuntiato
675 3671 788 3743 irraali,
812 3672 847 3729 ut
865 3670 961 3744 aiunt,
981 3672 1082 3745 adid,
1106 3671 1184 3746 quod
1203 3691 1307 3730 verum
1326 3676 1381 3742 est,

207 3759 367 3830 transitur,
391 3759 527 3834 intellegi
551 3759 650 3836 docet,
673 3759 704 3817 id
727 3759 806 3835 quod
829 3779 908 3820 nunc
925 3779 1030 3820 verum
1054 3762 1194 3836 non-est,
1207 3761 1380 3835 ,praeterito

283 3912 307 3977 1)
327 3911 404 3963 Idem
422 3911 466 3964 est
483 3927 549 3964 usus
567 3910 721 3980 priscorum
741 3910 916 3981 scriptorum.
954 3910 1030 3967 Couf.
1046 3910 1119 3965 Brix.
1139 3911 1175 3965 ud
1193 3911 1285 3965 Pluut.
1304 3911 1380 3967 Tria.

210 3986 250 4034 14.
271 3983 300 4034 et
318 3980 452 4038 Rotbium
470 3981 488 4036 Ι.
503 3998 526 4038 c.
545 3999 573 4050 p.
588 3988 631 4036 26.
650 4013 684 4022 -
704 3981 807 4036 Caesar
825 3986 919 4037 autem
938 3999 1009 4051 quae
1027 3985 1157 4051 tempora
1174 3982 1203 4036 in
1227 3982 1381 4052 iuterroga-

207 4050 330 4105 tiouibus
349 4045 470 4120 obliquis
488 4069 506 4107 a
523 4053 665 4122 praesenti
682 4052 815 4108 historico
834 4053 1020 4122 pendentibus
1038 4051 1212 4119 adhibuerit,
1232 4052 1382 4122 diligenter

207 4121 405 4192 quaesiverunt
419 4121 527 4192 Hugius
541 4124 608 4189 (Die
625 4139 697 4179 cous.
717 4129 754 4192 tp.
773 4125 820 4179 des
837 4141 925 4190 praes.
944 4126 1006 4180 trist.
1025 4125 1157 4179 euudelut
1175 4124 1217 4178 bei
1232 4123 1334 4178 Caesar
1352 4125 1380 4179 in

207 4193 299 4247 annal.
323 4192 422 4262 philol.
461 4199 538 4248 1860.
574 4212 602 4263 p.
622 4198 684 4263 886)
709 4198 737 4248 et
759 4195 944 4250 Prockechius
963 4196 1028 4264 (Die
1051 4211 1123 4250 cous.
1147 4200 1185 4263 tp.
1211 4196 1252 4249 oei
1270 4194 1380 4250 Caesar.

207 4265 302 4334 Progr.
322 4263 484 4334 Eiseuberg.
506 4269 585 4321 1874.
604 4283 631 4334 p.
651 4271 683 4319 23
700 4267 760 4334 sq).
797 4267 890 4334 Atque
909 4267 955 4321 hic
974 4265 1087 4335 quidem
1106 4281 1236 4336 praesens
1254 4267 1300 4320 vel
1318 4283 1380 4336 per·

207 4335 312 4389 fectum
326 4335 462 4404 usurpari,
481 4334 539 4390 sive
558 4337 707 4391 antecedat
720 4337 835 4391 verbum
848 4355 948 4408 regens
963 4337 1021 4392 eive
1041 4340 1182 4407 sequatur,
1200 4336 1297 4406 paucis
1311 4336 1380 4392 locis

207 4405 400 4530 itrenpterlectqim
419 4407 465 4531 egl
483 4406 871 4531 pilaequeelmpedeetumhpgm
889 4425 923 4532 eta
941 4409 976 4463 de
995 4425 1079 4463 cauea
1097 4412 1188 4482 putat,
1208 4408 1283 4480 quod
1301 4425 1380 4478 prae-

238 4493 435 4544 numaque
469 4493 485 4530 a
516 4495 578 4532 eum
609 4495 690 4532 ocum
708 4495 766 4532 vum
804 4496 822 4533 a
843 4495 921 4534 uem.

280 4551 307 4616 2)
326 4547 362 4601 uf.
382 4547 410 4602 Ο.
430 4548 460 4603 F.
480 4547 512 4603 (l.
531 4548 657 4606 Mueller.
677 4549 705 4605 in
725 4548 825 4605 Philol.
844 4549 917 4606 xlx.
932 4568 958 4622 p.
979 4555 1038 4612 626.
