3366 5266
758 391 975 454 ..32-

284 573 373 630 quam
399 554 432 612 in
458 555 694 630 interrogatione
723 555 845 631 obliqua
873 556 975 615 valere
1004 547 1125 634 supra¹)
1159 553 1351 614 ostendimus.
1396 554 1453 612 lte-

283 644 380 702 fertur
416 643 494 701 enim
530 643 607 703 actio
640 643 786 704 enuntiati
817 643 984 704 secundarii
1015 643 1054 701 ad
1085 646 1204 719 tempus
1237 643 1362 702 actionis
1395 643 1454 718 pri·

283 732 379 810 marii,
401 736 438 790 ut
461 751 526 790 eam
549 731 595 790 illi
618 732 808 791 subiunctam
832 751 897 792 esse
920 732 985 807 ipsb
1010 735 1144 807 tempore
1174 731 1370 808 significetur.
1414 732 1455 790 Et

282 820 491 896 imperfectum
513 822 633 897 quidem
656 821 836 880 coniunctivi
865 821 1026 896 respondet
1048 821 1199 896 praesenti
1227 824 1258 879 et
1280 819 1454 896 imperfecto

283 913 346 968 tam
369 901 524 969 indicativi
548 929 634 986 quarn
661 911 849 983 coninnctivi,
871 928 1082 985 nonnunquam
1106 909 1195 968 etiam
1218 909 1320 968 futuro
1344 908 1454 967 indica-

284 999 352 1074 tivi,
381 999 707 1074 plusquamperfectum
736 999 916 1060 coniunciivi
944 999 1075 1074 perfecto
1099 1001 1131 1056 et
1159 997 1454 1074 plusquamperfecto

283 1089 347 1144 tam
369 1087 524 1146 indicativi
547 1107 637 1163 quarn
664 1088 852 1162 coniunctivi,
875 1107 1088 1164 nonnunquam
1112 1087 1202 1145 etiam
1225 1087 1327 1145 futuro
1352 1091 1453 1146 exacto

283 1175 446 1235 indicativi.

372 1264 457 1322 Nihil
475 1265 569 1342 igitur
592 1266 762 1325 offensionis
781 1266 874 1325 hebet
892 1265 1218 1341 plusquamperfectum
1240 1264 1271 1322 in
1291 1265 1453 1324 enuntiatis

284 1353 481 1414 consecutivis
502 1357 533 1412 et
547 1354 695 1416 similibus
710 1347 926 1433 (qualitativis)
947 1355 1086 1430 positum.
1124 1352 1234 1412 Confer
1247 1354 1284 1412 de
1298 1373 1340 1413 or.
1355 1355 1378 1426 I,
1398 1357 1453 1412 26:

285 1441 346 1516 Qno
369 1444 483 1514 quidem
505 1460 633 1502 sermone
655 1445 747 1502 malta
761 1446 900 1503 divinitas
922 1463 942 1503 a
964 1446 1056 1502 tribus
1078 1443 1138 1502 illis
1155 1443 1357 1502 consularibus
1372 1441 1454 1508 aona

284 1532 434 1604 deplorata
466 1537 492 1589 ei
523 1537 742 1591 commemorata
772 1535 929 1599 narrabat,
966 1537 999 1590 nt
1029 1533 1103 1591 nidd
1138 1533 1328 1590 incidisset
1352 1536 1455 1605 pastea

284 1621 394 1678 anitati
415 1621 500 1687 mali,
524 1623 599 1693 qnod
620 1639 679 1680 nan
701 1624 864 1695 impendere
886 1623 930 1680 illi
957 1626 1035 1680 tanto
1059 1625 1125 1679 anie
1146 1622 1331 1679 vidissent.
1375 1620 1453 1678 Nam

284 1709 367 1766 recta
390 1709 524 1767 oratione
549 1710 591 1769 sic
614 1711 778 1769 diceretur:
809 1712 901 1769 innita
920 1712 1070 1784 deplorata
1093 1714 1119 1768 et
1136 1713 1357 1767 commemorata
1378 1713 1454 1777 sunl,

284 1801 317 1855 ni
339 1799 412 1856 nibil
433 1799 567 1856 inciderit
583 1804 687 1872 pastea
710 1802 819 1859 ciniioti
840 1801 925 1866 maii,
949 1800 1023 1871 qnod
1044 1816 1104 1856 non
1125 1799 1288 1871 impendere
1310 1799 1354 1856 illi
1377 1802 1455 1856 ionio

285 1890 354 1945 ante
380 1888 505 1945 viderint
532 1882 594 1964 (vel
620 1889 770 1954 vidissent,
798 1888 939 1963 quoniam
964 1888 1038 1946 haec
1065 1887 1143 1946 actio
1172 1886 1333 1945 antecessit
1365 1886 1450 1945 alteri

283 1975 329 2033 illi
360 1975 555 2050 praeteritae,
588 1995 665 2051 quae
697 1976 846 2036 indicatur
877 1977 968 2037 verbo
1001 1969 1156 2054 inciderit).
1202 1976 1239 2033 de
1267 1994 1328 2049 rep.
1358 1975 1397 2049 ΙΙ,
1422 1977 1454 2032 2;

284 2065 320 2123 Is
342 2065 435 2122 dicere
458 2066 565 2123 solebat
587 2067 621 2124 ab
643 2066 718 2124 banc
741 2083 860 2124 cansam
877 2070 1032 2140 maesiam
1060 2069 1177 2123 nostrae
1199 2066 1324 2123 civitatis
1346 2067 1452 2122 statam

285 2155 383 2212 ceteris
406 2155 576 2221 cinitaiibns,
600 2155 675 2227 qnod
697 2157 729 2213 in
750 2156 810 2214 illis
832 2156 940 2228 sinpnli
960 2149 1086 2229 fnissent
1106 2155 1176 2226 fere,
1200 2155 1249 2226 qai
1271 2171 1357 2212 snam
1379 2153 1455 2224 qnis-

284 2258 338 2314 qne
353 2244 558 2315 rempublicam
578 2245 848 2302 constituissent
866 2244 973 2316 lepidas
992 2247 1076 2314 atqne
1093 2244 1232 2300 institutis
1253 2244 1323 2300 snm.
1361 2241 1454 2299 Recta

284 2330 433 2389 oratione:
459 2336 594 2404 praestat
612 2377 619 2392 .
634 2375 656 2400 .,
680 2333 755 2404 qnod
777 2377 806 2392 ..
830 2333 949 2405 fueram
964 2323 967 2330 ’
979 2333 1052 2405 fere,
1090 2333 1139 2403 qni
1164 2324 1175 2389 ¹.
1191 2375 1218 2390 ..
1253 2331 1455 2388 constituerint.

283 2418 359 2478 Ibid.
387 2421 489 2494 paucis
518 2420 717 2495 interpositis:
750 2421 831 2480 Nam
858 2438 948 2493 neque
973 2421 1064 2478 ullam
1092 2422 1238 2492 inpeninm
1270 2423 1382 2477 iantnm
1410 2436 1454 2476 crr-

284 2509 389 2582 siitr‘ssc
403 2509 521 2575 dicebat,
535 2513 575 2575 nt,
591 2528 673 2582 quem
686 2527 733 2569 res
745 2511 829 2568 mella
846 2512 965 2583 imperet,
980 2511 1132 2582 qnisquam
1151 2509 1306 2581 aliquando
1324 2510 1455 2581 fnisset

283 2614 373 2668 neqnc
404 2601 505 2655 carmela
535 2600 652 2671 inpenia
682 2600 787 2657 collata
814 2600 846 2656 in
874 2617 966 2656 nnmn
986 2595 1105 2657 'tantam
1127 2613 1215 2673 posse
1244 2614 1303 2654 nno
1331 2601 1455 2668 tempore

279 2685 447 2757 procidere,
478 2689 511 2742 ni
537 2689 635 2744 mania
664 2689 913 2760 complecteremur
943 2689 1006 2746 cine
1033 2704 1131 2744 rernm
1158 2704 1215 2744 nen
1247 2703 1282 2744 ae
1310 2687 1455 2742 velustate.

284 2773 379 2832 Recta
402 2773 550 2833 oratione:
573 2792 663 2847 nenne
684 2777 777 2834 nllnm
798 2777 946 2849 incenium
969 2779 1082 2833 taniam
1104 2777 1217 2840 creditit
1240 2779 1280 2840 ni,
1304 2791 1386 2846 quem
1408 2790 1455 2831 res

284 2863 368 2920 nnita
390 2863 510 2935 superet,
534 2865 685 2936 qnisquam
711 2866 867 2937 aliqnando
894 2866 991 2938 faerit
1032 2884 1061 2939 p.
1084 2864 1170 2921 Rosa.
1193 2862 1262 2923 Am.
1286 2861 1454 2920 65:1ven0

286 2953 361 3009 enim
379 2953 506 3024 patabat
527 2969 699 3025 quemqnam
721 2971 793 3020 esse,
817 2956 867 3026 qni
889 2972 954 3012 cnm
976 2955 1074 3012 omnia
1097 2954 1198 3011 divina
1220 2957 1304 3024 atque
1325 2952 1455 3010 hnmana

284 3042 354 3098 inra
386 3041 488 3098 scelere
518 3042 633 3114 nefario
659 3043 823 3115 polluisset,
855 3060 988 3101 somnum
1016 3044 1114 3100 statim
1147 3058 1248 3114 copem
1270 3042 1455 3113 potuisset

286 3128 377 3186 Recta
405 3130 554 3188 oratione:
581 3130 674 3188 Nemo
698 3136 751 3200 est,
775 3133 824 3204 qni
849 3149 913 3189 cnm
937 3177 943 3189 .
964 3176 970 3189 .
991 3177 998 3206 .-
1016 3131 1168 3204 polim'sset
1191 3122 1254 3208 (vel
1271 3119 1454 3206 polluerit)2)

285 3235 417 3276 somnam
440 3221 538 3276 statim
561 3235 663 3295 capere
675 3223 811 3292 potnerit.

828 3377 911 3454 se
1021 3353 1025 3359 ’

375 3501 421 3561 De
452 3502 584 3577 perfecto
619 3502 715 3577 logico
747 3503 827 3561 idem
858 3503 954 3577 valet,
994 3502 1073 3578 quod
1105 3502 1136 3559 in
1167 3501 1454 3577 interrogationibus

286 3591 413 3665 obliquis
438 3591 574 3650 vidimus.
620 3589 729 3650 Oonfer
753 3590 816 3650 Cat.
841 3593 912 3652 Mai.
944 3593 999 3650 80:
1029 3591 1107 3648 Mine·
1133 3609 1283 3662 nunqnam
1305 3607 1456 3662 persna-

286 3680 362 3737 deri
379 3681 500 3752 potnit
522 3681 648 3746 animos,
672 3681 741 3738 dnm
763 3683 796 3739 in
818 3682 985 3754 corporibus
1008 3684 1122 3738 essent
1143 3680 1327 3745 mortalibus,
1351 3680 1454 3746 ninere,

287 3785 351 3824 cam
374 3771 530 3826 edissent
553 3786 586 3826 ec
608 3771 658 3834 iis,
683 3772 771 3828 emori
793 3787 844 3827 nec
866 3787 933 3828 nero
956 3774 1017 3826 inm
1030 3771 1161 3827 anim-nm
1184 3785 1243 3827 esse
1266 3769 1453 3838 insipientem,

286 3873 351 3913 cnm
374 3873 407 3914 en
429 3855 576 3928 insipienti
599 3875 715 3930 corpore
738 3860 921 3926 erasisset,
944 3859 994 3916 sed
1017 3875 1081 3915 cnm
1099 3858 1177 3914 omni
1200 3857 1373 3914 admixtione
1396 3872 1454 3914 eor·

286 3947 368 4016 poris
391 3946 527 4004 liberatas
544 3965 641 4019 parus
664 3950 689 4003 et
710 3948 818 4019 inleper
837 3964 896 4006 esse
918 3948 1101 4019 coepisset,
1125 3949 1185 4002 inm
1209 3963 1267 4002 esse
1289 3946 1454 4018 sapientem.

286 4032 431 4092 Praesens
455 4035 557 4092 autem
580 4035 639 4093 vel'
651 4035 817 4110 perfectum
840 4037 905 4094 tum
928 4033 1068 4109 usurpari
1090 4033 1178 4090 facile
1201 4031 1401 4107 intellegitur,
1429 4031 1455 4090 si

286 4122 451 4196 perfectum
479 4124 632 4197 praesenti
658 4123 771 4181 mutari
793 4126 903 4199 potest.
950 4122 1033 4182 Conf.
1057 4122 1093 4180 de
1117 4122 1170 4181 fat.
1197 4124 1251 4180 11:
1283 4121 1455 4194 Exstirpari

287 4215 382 4270 antem
405 4212 585 4284 effunditur
607 4213 681 4279 tolli,
713 4215 789 4272 niis
811 4215 885 4287 ipse,
904 4215 954 4285 qni
977 4214 1016 4272 ad
1039 4229 1072 4270 ea
1089 4227 1254 4284 propensus
1283 4211 1407 4282 fuerit,
1436 4227 1454 4268 a

287 4302 376 4359 laniis
398 4301 476 4358 niiiis
499 4305 683 4367 avocetur,
706 4317 766 4358 non
789 4306 838 4360 est
859 4301 891 4360 id
902 4302 1060 4374 positum
1083 4302 1116 4358 in
1137 4299 1322 4358 naturalibus
1351 4299 1455 4358 canem.

359 4471 384 4536 1)
404 4487 463 4538 cap.
483 4470 503 4523 l.
523 4474 545 4534 ξ.
565 4475 589 4524 2.

358 4546 385 4608 2)
405 4543 438 4596 cf.
459 4539 598 4596 Schaefer.
617 4538 646 4592 in
664 4556 756 4610 progr.
775 4539 896 4595 Mesen't.
917 4546 993 4595 1874.
