3366 5266
798 358 1013 420 -lss-·-

320 523 405 584 Verr.
424 525 463 599 II,
489 528 516 598 1,
542 524 596 582 75:
620 525 669 595 qni
687 525 719 581 in
737 524 790 581 itta
807 541 848 589 re,
867 525 936 594 qnid
954 524 1049 595 facere
1063 524 1235 594 potnerit,
1258 539 1318 580 nen
1334 521 1493 580 habebat.

320 613 376 673 His
396 613 471 674 ‘locis
496 611 675 671 sententiam
698 610 833 670 Lievenii
856 611 968 686 optime
986 610 1086 668 refelli
1108 614 1189 685 puto.
1235 610 1314 668 Nam
1338 611 1493 685 quoditie

321 703 413 761 etiam
439 701 627 776 imperfecta,
660 700 718 757 etsi
745 718 825 771 raro,
858 703 1059 774 praegnantsr
1085 699 1226 773 usurpari
1254 692 1371 776 dicit,¹)
1406 717 1494 756 nemo

319 791 407 849 facile
436 789 610 848 consentiet.
661 788 780 846 Etenim
809 787 925 862 Cicero,
962 788 987 846 si
1014 789 1179 862 praesentis
1209 788 1341 863 aliquam
1369 787 1431 846 vim
1459 805 1513 844 ae·

322 873 571 954 significationem
592 908 629 918 —
651 877 706 935 hoo
730 876 809 934 enim
828 877 885 936 sibi
904 878 971 936 vult
994 896 1050 935 vox
1068 877 1122 934 illa
1140 877 1334 951 praegnantis
1357 895 1430 934 usus
1453 907 1487 915 —

321 967 484 1042 praeterito
508 966 678 1025 adiunctam
707 984 771 1024 csse
795 966 951 1044 voluisset,
980 967 1053 1036 uon,
1082 964 1198 1040 opinor,
1226 965 1412 1038 imperfecto,
1442 964 1495 1023 sed

321 1056 466 1131 perfecto,
495 1055 603 1130 quippe
627 1053 711 1112 ouius
735 1058 816 1113 esset
837 1073 902 1112 rem
925 1055 1120 1128 praeteritam
1143 1055 1181 1112 ad
1209 1072 1351 1128 praesens
1375 1056 1494 1128 tempus

321 1145 446 1216 referre,
469 1161 541 1202 usus
565 1145 654 1201 esset.
700 1141 801 1217 Atque
823 1143 888 1218 ipse
911 1142 1084 1216 Lievenius,
1113 1145 1148 1200 ut
1170 1146 1388 1218 praegnantem
1409 1143 1495 1200 illam

321 1235 383 1293 vim
405 1233 436 1290 in
455 1231 587 1307 perfeeto
610 1231 709 1289 inesse
732 1251 821 1306 posse
840 1233 1068 1303 demonstraret,
1091 1231 1253 1304 genuinam
1271 1230 1335 1289 eius
1355 1235 1494 1289 naturam

322 1323 525 1396 adpraesens
549 1323 685 1394 spectare
707 1311 888 1397 probavit.²)
935 1319 1071 1395 Apparet
1093 1321 1148 1378 hoc
1175 1319 1207 1378 in
1234 1319 1411 1394 imperfecta
1434 1338 1494 1377 non

322 1409 437 1468 cadere.

868 1516 896 1589 ξ.
922 1519 950 1575 5.

411 1641 476 1698 Iam
504 1658 587 1712 vero,
615 1642 662 1714 ut,
691 1638 761 1713 quid
790 1638 854 1713 ipse
883 1638 919 1695 de
947 1638 993 1696 his
1021 1637 1094 1696 loeis
1118 1639 1257 1708 sentiam,
1286 1637 1419 1698 brevitet
1448 1659 1496 1698 ex-

323 1748 442 1806 ponam,
466 1730 504 1787 ad
522 1728 730 1785 Buechnerum
750 1726 864 1801 delego,
883 1727 935 1802 qui
953 1728 990 1785 de
1008 1728 1072 1787 loco
1091 1748 1118 1801 p.
1137 1727 1223 1785 Balb.
1246 1730 1263 1783 2
1284 1726 1326 1785 sic
1346 1727 1495 1802 disputat:

324 1818 396 1877 Atia
415 1823 455 1876 est
477 1819 531 1875 toci
545 1818 693 1882 sententia,
715 1818 766 1873 nbi
789 1809 892 1882 ‘esset',
916 1817 986 1882 alia,
1009 1818 1059 1874 nti
1080 1809 1191 1888 ‘faerit'
1209 1818 1368 1888 scripseris.
1413 1817 1498 1875 Ittnd

323 1909 471 1980 sipnisicat
493 1907 601 1964 indices
616 1908 701 1978 'ipsos
718 1909 862 1977 pcrpctna
885 1922 941 1962 sna
964 1906 1156 1962 admiratione
1168 1907 1347 1977 patefecisse,
1371 1907 1441 1976 qnid
1463 1908 1497 1965 dc

323 1997 455 2067 Pompeii
478 1991 638 2066 eloquentia
659 1994 822 2052 indicarent
840 1995 974 2064 qnantine
997 2010 1061 2051 earn
1084 1995 1219 2065 facerent.
1265 1991 1308 2050 At
1329 1995 1361 2051 id
1384 1996 1497 2064 pnidcne
1603 2050 1606 2056 .

324 2089 423 2142 orator
447 2084 576 2140 dietarios
598 2100 657 2140 non
680 2085 736 2151 cst;
759 2084 845 2139 irnrno
868 2082 997 2138 indicnrn
1020 2083 1074 2139 itta
1097 2083 1289 2140 admiratione
1310 2085 1402 2155 ntitnr
1425 2087 1496 2140 ran-

324 2190 411 2245 pnarn
431 2173 596 2237 testimonio,
620 2188 674 2242 pne
694 2171 792 2228 doceat
813 2171 969 2236 audientes,
993 2188 1067 2242 qnae
1084 2170 1315 2242 fneritPornpcii
1334 2173 1497 2229 indicendo

322 2263 470 2333 pravitas·
503 2277 601 2317 snnrn
633 2261 743 2331 ipitnr
765 2261 894 2332 ipsine,
926 2269 995 2315 non
1026 2261 1181 2317 indicam
1208 2262 1379 2331 proponit
1405 2261 1498 2318 indi-

325 2341 457 2426 cinnr.³)
488 2379 525 2386 —
557 2347 663 2406 Potest
690 2346 784 2422 igitur
811 2346 849 2420 is,
885 2346 935 2421 qui
963 2347 1109 2422 loquitur,
1141 2347 1185 2419 id,
1219 2348 1298 2422 quod
1326 2367 1342 2404 e
1371 2349 1497 2406 subiecti

324 2437 460 2514 primarii
482 2439 582 2493 mente
607 2435 664 2493 dici
687 2435 818 2511 deberet,
841 2454 895 2511 pro
920 2453 974 2492 sua
997 2433 1177 2511 cogitatione
1201 2437 1374 2510 exprimere,
1397 2437 1440 2494 ita
1464 2440 1499 2493 ut

325 2527 356 2584 id
375 2528 493 2599 tempus
512 2527 613 2600 ponat,
637 2544 704 2598 quo,
729 2523 755 2582 si
773 2527 856 2582 recta
875 2527 955 2582 esset
973 2525 1179 2598 interrogatio,
1199 2526 1343 2583 uteretur.
1385 2524 1497 2584 Similis

323 2615 400 2672 haec
419 2617 466 2671 cst
489 2612 566 2671 ratio
586 2615 676 2688 atque
701 2631 744 2685 ea,
768 2612 804 2670 de
823 2631 883 2687 qua
901 2612 996 2671 altero
1015 2613 1046 2669 in
1065 2612 1163 2688 capite
1186 2613 1415 2688 disputabimus,
1440 2633 1499 2689 qua

325 2703 356 2761 in
380 2701 512 2760 oratione
540 2701 661 2776 obliqua
684 2719 734 2758 eas
762 2700 974 2777 cogitationes,
1002 2720 1077 2776 quae
1107 2701 1239 2760 subiecto
1263 2702 1408 2760 enuntiati
1440 2703 1498 2777 pri-

325 2790 413 2848 marii
435 2789 561 2848 attribui
584 2790 741 2864 deberent,
772 2790 810 2861 is,
840 2790 890 2864 qui
913 2790 1060 2864 loquitur,
1090 2809 1244 2864 tamquam
1267 2810 1336 2849 suas
1360 2790 1499 2868 proponit

308 2931 312 2946 ,
326 2881 451 2954 ideoque
466 2878 617 2953 praesenti
629 2879 678 2936 vel
693 2877 825 2953 perfecto
839 2877 945 2953 utitur,
965 2898 1031 2937 eum
1045 2878 1242 2954 praeteritum
1261 2881 1464 2939 antecesserit.
1483 2871 1497 2960 )

416 2967 499 3036 Quae
526 2985 593 3025 oum
621 2967 664 3024 ita
692 2967 764 3042 siut,
791 2985 851 3024 non
878 2967 962 3040 illud¹
982 2987 1056 3042 opus
1085 2972 1144 3038 est,
1171 2968 1202 3024 id
1229 2968 1307 3042 quod
1333 2968 1498 3026 Reuschius

326 3049 438 3134 velut)
467 3059 502 3114 ut
530 3056 625 3114 altero
653 3055 706 3113 illo
736 3056 814 3130 loeo,
844 3055 893 3130 qui
919 3059 965 3112 est
992 3075 1020 3130 p.
1045 3055 1122 3115 Sest.
1149 3058 1224 3128 122,
1252 3056 1345 3115 verba
1372 3059 1499 3128 eqnidcrn

327 3147 480 3204 andicbarn
502 3144 717 3218 interposuisse
737 3142 922 3218 Ciceronem,
946 3163 1013 3201 eum
1038 3144 1134 3219 primo
1157 3145 1311 3216 noluisset,
1336 3145 1498 3221 opinemur.

327 3233 429 3291 Tertio
453 3234 516 3291 loeo
540 3233 732 3291 Buechnerus
761 3232 836 3290 duas
865 3233 1114 3305 constructiones,
1142 3234 1229 3291 trabea
1257 3235 1326 3306 qnid
1354 3236 1384 3291 et
1411 3233 1499 3292 habco

327 3323 401 3395 qnod
409 3366 418 3388 ,
445 3322 489 3378 ita
518 3322 654 3379 confusas
684 3340 749 3380 esse
778 3326 889 3393 censet,
920 3323 954 3377 ut
984 3324 1132 3379 oratorem
1161 3322 1215 3380 hoo
1244 3321 1374 3394 voluisse
1403 3322 1500 3380 dicere

401 3514 426 3580 1)
445 3511 463 3562 l.
483 3527 505 3564 o.
525 3527 552 3578 p.
572 3516 615 3565 Ἡ.

399 3585 426 3650 2)
445 3581 463 3634 l.
484 3598 506 3635 e.
525 3599 552 3649 p.
573 3587 606 3634 19
617 3599 657 3649 sq.

400 3654 427 3719 3)
446 3652 666 3706 Aunotationum
690 3653 848 3707 criticorum
878 3651 912 3707 ad
942 3653 977 3707 M.
1007 3652 1079 3708 Tull.
1104 3652 1244 3709 Ciceronis
1272 3653 1426 3711 orationem
1450 3673 1500 3727 pro
1575 3707 1578 3714 .

327 3724 360 3778 L.
377 3723 455 3776 Corn.
472 3723 560 3777 Balbo
575 3723 638 3776 hat».
655 3722 752 3791 partic.
768 3724 815 3777 alt.
830 3726 924 3792 Progr.
941 3724 1089 3779 Schwerin.
1121 3731 1196 3780 1866.
1224 3745 1251 3795 p.
1265 3733 1304 3780 18.
1316 3728 1501 3796 —anptius

330 3797 457 3864 (gramm.
485 3800 508 3859 §-
532 3796 595 3862 512)
621 3794 782 3848 Ciceronem
810 3795 840 3848 in
867 3795 961 3849 animo
988 3797 1118 3850 habuisse
1146 3799 1226 3866 putat
1253 3815 1323 3866 qnae
1347 3841 1352 3852 .
1379 3841 1384 3853 .
1407 3799 1501 3865 fuerit,

329 3865 495 3919 martinidis.
537 3866 614 3918 idem
638 3866 696 3918 tere
719 3865 805 3919 sentit
827 3866 984 3936 Madvigius
1007 3872 1057 3936 (gr.
1082 3873 1104 3932 §-
1129 3874 1188 3921 382.
1213 3871 1270 3923 not.
1295 3873 1341 3936 5),
1360 3887 1422 3922 cum
1446 3887 1500 3924 non

324 3939 459 3996 accurate
478 3935 557 3992 illum
576 3937 719 4004 scripsisse
738 3936 815 3990 dicit.
848 3936 908 4005 Ego
923 3954 989 3993 vero
1005 3955 1113 4006 vereor,
1133 3956 1167 3991 ne
1182 3939 1281 3993 vitium
1301 3940 1346 3994 hio
1361 3940 1501 4006 Cicerone,

329 4006 494 4132 Efficit&
504 4005 533 4060 iu
544 4005 677 4061 orationis
688 4007 808 4073 exordio,
823 4006 968 4075 indignum
981 4009 1017 4062 ad
1032 4027 1110 4063 suam
1126 4009 1285 4077 opinionem
1299 4011 1502 4065 defendendam

388 4095 396 4130 1
418 4093 451 4132 ea

400 4153 427 4216 4)
450 4148 620 4217 Draegerns,
644 4166 706 4202 oum
729 4150 747 4203 l.
776 4166 797 4202 e.
821 4167 848 4218 p.
871 4156 931 4203 236.
956 4149 996 4204 sic
1019 4151 1156 4219 disputat:
1190 4152 1241 4206 Wo
1264 4154 1315 4206 das
1339 4153 1501 4221 Hauptuerb

327 4219 385 4274 sich
402 4220 477 4272 nicht
495 4220 543 4272 der
563 4220 848 4288 Praesensbedentnnp
869 4222 979 4286 niteant,
1002 4222 1039 4276 ist
1061 4223 1128 4276 doch
1146 4238 1181 4276 cn
1199 4224 1344 4288 erkennen,
1368 4225 1432 4278 dass
1454 4225 1502 4277 der

329 4290 522 4355 Satriststclter
544 4292 595 4344 den
615 4292 712 4344 Intratt
735 4292 780 4344 des
802 4290 981 4346 Nebcnsatees
1001 4309 1061 4346 eom
1079 4293 1256 4361 Standpnntrt
1274 4295 1323 4347 der
1341 4295 1502 4363 Gepenwart

329 4377 380 4415 aaa
398 4362 539 4415 benrtheitt
557 4363 621 4416 oder
640 4362 796 4425 betraehtet,
819 4363 893 4414 reete
912 4363 969 4416 fere
989 4362 1087 4430 sentit,
1099 4364 1143 4417 'ut
1160 4365 1256 4428 mirer,
1280 4365 1354 4432 quod
1373 4366 1426 4418 hoe
1444 4383 1501 4419 non

329 4431 500 4569 modrfflost
521 4432 657 4557 perinzam,
670 4433 730 4556 tsed
753 4432 839 4485 etiam
862 4437 927 4500 post
949 4433 1114 4502 imperfecta
1139 4435 1199 4489 fieri
1217 4453 1298 4504 posse
1317 4453 1373 4488 non
1391 4437 1501 4491 viderit

459 4547 464 4559 .
484 4520 506 4558 a.
526 4521 552 4572 p.
608 4546 614 4558 .
634 4520 690 4557 no.
