3366 5266
681 407 895 470 „37-

195 576 339 648 possessio
371 577 547 646 spectetur
576 589 635 630 non
661 575 693 630 in
720 573 821 644 aliona
842 577 944 644 porte,
976 574 1026 630 sed
1057 575 1089 630 in
1115 575 1270 638 uniuersis,
1304 590 1378 645 quoe

201 666 290 721 teucri
312 667 338 721 et
354 662 500 736 possideri
518 663 639 734 possint.
685 661 759 719 Diei
788 663 903 718 donmm
925 661 1036 719 Rmuoc
1059 662 1163 733 fuisso,
1191 679 1246 733 ouo
1269 664 1321 720 iste
1342 680 1378 720 ue

201 753 378 824 aspirarit
413 751 540 824 quidem,
583 767 680 808 seruos
717 751 885 822 complures,
929 767 962 808 en
998 752 1101 822 ouibus
1136 752 1188 808 iste
1218 751 1379 823 possederit

200 843 351 906 nemmem,
374 857 409 898 ne
432 840 596 911 attinerit
619 840 748 912 quidem·
770 857 862 896 unum
880 840 980 911 titisse,
1003 855 1085 910 mem
1103 842 1241 911 ottircpere
1259 844 1378 898 conatus

200 931 265 999 sit·
287 929 466 1002 prohibitum
493 929 599 1000 fuisse·
627 929 773 1000 quievisse.
801 926 886 986 Verr.
910 927 954 1005 II,
979 929 1012 1002 3,
1038 929 1113 985 147:
1145 925 1290 986 Ostendi
1317 929 1378 986 iam

200 1019 274 1076 iimo
301 1017 398 1083 initio,
431 1034 490 1074 non
523 1018 745 1075 ecistimandum
776 1033 882 1088 mapno
910 1017 1071 1075 uendidisse
1104 1033 1180 1083 eum,
1213 1019 1262 1088 qui
1293 1017 1378 1074 uerbo

201 1109 335 1165 decumus
362 1106 575 1171 vendiderit,
602 1122 634 1163 re
661 1109 687 1163 et
713 1106 876 1163 condicione
904 1109 929 1162 et
957 1105 1015 1177 lepe
1045 1109 1071 1162 et
1097 1106 1184 1162 edicto
1213 1109 1238 1162 et
1264 1106 1378 1164 licentio

201 1197 425 1254 decumanorum
449 1195 584 1252 decumas
607 1195 772 1252 oratoribus
793 1194 892 1252 nullas
914 1195 1041 1265 reliquas
1063 1183 1198 1273 feeerit.¹)

291 1281 450 1341 Nonnullis
469 1282 542 1341 loeis
560 1282 598 1341 ab
618 1283 712 1340 altero
730 1285 864 1356 tempore
882 1283 919 1339 ad
938 1282 1067 1340 alterum
1086 1282 1241 1341 transitur.
1270 1280 1378 1340 Confer

200 1392 228 1447 p.
252 1370 368 1440 Quinct.
393 1373 449 1429 87:
482 1371 564 1445 Quod
591 1375 691 1430 contro
718 1373 908 1444 copiosissime
936 1372 1083 1443 defensum
1111 1388 1170 1429 esse
1201 1371 1376 1436 contendi,

200 1479 258 1520 non
281 1463 317 1520 ab
339 1461 452 1518 homine
474 1461 567 1518 alieno
589 1477 679 1532 neque
702 1462 737 1519 ab
765 1460 862 1532 dinuo
893 1459 1100 1518 calumniatore
1128 1464 1213 1532 utque
1238 1461 1377 1532 improbo,

201 1552 250 1608 sed
273 1551 310 1608 ob
335 1551 425 1622 equite
448 1549 590 1616 Romouo,
608 1551 774 1622 propinquo
797 1567 832 1606 ac
853 1550 1014 1606 necessario
1037 1565 1103 1615 suo,
1127 1565 1210 1620 quem
1231 1550 1293 1620 ipse
1314 1547 1378 1606 Seu.

200 1639 331 1697 Naeuius
359 1642 580 1711 promrotorem
611 1639 771 1710 relinquere
803 1642 889 1695 ciuica
921 1641 1095 1695 consuesset:
1126 1654 1216 1708 neque
1243 1653 1320 1702 mm,
1352 1639 1379 1694 si

200 1730 329 1786 tribunos
356 1727 567 1800 appellarit,
594 1727 700 1784 idcireo
723 1728 820 1784 minus
842 1727 948 1784 iudicio
965 1728 1033 1799 poti
1050 1730 1193 1798 paratum
1214 1726 1313 1797 fuisse.
1342 1725 1378 1782 de

200 1836 241 1874 or.
264 1816 294 1892 Ι,
319 1817 395 1874 219:
426 1815 525 1887 Neque
551 1833 617 1874 uero
645 1817 709 1873 istis
735 1815 890 1888 trapoediis
917 1816 988 1880 tuis,
1017 1816 1121 1887 quibus
1149 1816 1193 1872 uti
1214 1813 1379 1886 philosophi

199 1906 449 1970 resumentem,
474 1903 593 1970 Crasse
611 1905 780 1976 perturbor,
804 1903 880 1976 quod
901 1905 943 1962 ita
966 1904 1106 1970 dixisti,
1134 1904 1276 1960 nemiuem
1292 1919 1379 1975 posse

201 2012 300 2052 eorum
322 1997 442 2060 mentes,
471 1995 521 2065 oeci
544 1993 723 2058 audirent,
752 1996 803 2050 aut
831 1994 1016 2063 iustarumare
1038 1993 1155 2050 dicendo
1185 1996 1237 2049 aut
1263 1993 1378 2062 iniiam

199 2087 295 2140 matos
317 2084 509 2154 restiupuere,
538 2099 603 2139 cum
626 2099 657 2139 eo
683 2084 808 2139 marimo
835 2083 879 2138 eis
906 2082 1031 2138 oratoris
1059 2081 1280 2153 mapnitudoaue
1307 2097 1394 2140 cer-.

199 2175 322 2236 natur,
355 2173 413 2228 nisi
445 2172 494 2242 mci
525 2170 672 2228 imninum
702 2174 840 2236 noturus,
872 2187 965 2227 mores
997 2173 1081 2241 otpcc
1112 2170 1239 2227 rationes
1261 2171 1379 2242 penitus
1416 2228 1418 2232 ,

197 2277 305 2334 persp
313 2260 435 2325 cuerit,
463 2261 496 2316 in
524 2277 578 2331 quo
596 2259 779 2332 pleitosoptu'a
801 2261 849 2317 sit
870 2259 979 2316 oratori
1001 2260 1162 2316 necessario
1179 2258 1377 2330 percipiendo.

198 2345 429 2408 Perversissime
454 2347 601 2405 Pideritus
630 2349 766 2406 audirent
788 2347 825 2404 ad
849 2348 963 2412 dixisti,
993 2351 1128 2404 cernatur
1151 2350 1182 2404 et
1198 2349 1380 2419 perspexerit

199 2437 236 2516 ed
269 2439 444 2509 restinpuerc
473 2453 560 2509 posse
591 2436 687 2494 relate
715 2455 779 2494 esse
810 2438 924 2508 censet3
956 2453 1025 2492 nam
1058 2434 1139 2493 istud
1173 2435 1242 2493 usui
1271 2433 1378 2495 Latius

199 2524 459 2584 vehementissime
487 2524 684 2596 adversatur,
706 2524 846 2599 quoniam
874 2521 1039 2581 infinitivus
1063 2523 1229 2597 praesentis
1252 2542 1270 2580 e
1293 2542 1378 2598 prae-

198 2614 289 2672 terito
323 2613 453 2687 pendens
488 2631 638 2688 nunquam
667 2632 725 2671 non
752 2612 984 2687 praeteritorum
1012 2612 1249 2670 consecutionem
1278 2609 1377 2671 hebet.

200 2704 291 2761 Recte
318 2703 381 2761 fere
405 2694 591 2776 Petersiue²)
617 2703 779 2760 Antonium
807 2700 975 2775 praesentis
1003 2701 1099 2758 forme
1126 2705 1262 2759 cernatur
1290 2719 1379 2758 usum

200 2810 265 2850 esse
292 2793 392 2866 putat,
421 2793 457 2848 ut
483 2790 640 2862 indiceret,
669 2790 748 2865 quod
779 2789 906 2848 Crassus
933 2791 1022 2846 antee
1050 2789 1186 2861 dixisset,
1220 2788 1378 2847 maximam

199 2881 261 2939 vim
290 2879 418 2938 oratoris
451 2880 532 2937 cerni
563 2881 594 2936 in
625 2880 775 2938 mentibus
808 2879 961 2936 hominum
989 2879 1047 2935 eut¹
1075 2877 1292 2936 inflammandis
1326 2881 1379 2936 aut

200 2967 433 3041 restinguendis,
464 2967 493 3025 id
518 2969 609 3026 etiem
637 2968 694 3027 sibi
721 2968 782 3042 ipsi
803 2983 981 3042 persuasum
1006 2983 1084 3042 esse3
1112 2985 1181 3024 num
1206 2967 1230 3024 si
1254 2967 1379 3025 dixisset

198 3061 374 3122 cerneretur,
402 3055 538 3113 futurum
566 3056 670 3130 fuisse,
699 3059 734 3114 ut
762 3056 856 3115 solius
881 3055 982 3113 Crassi
1010 3055 1085 3113 hunc
1109 3055 1288 3113 sententium
1312 3075 1376 3114 esse

200 3146 354 3204 fateretur.
381 3175 418 3185 -
445 3144 606 3204 Praeterea
629 3145 728 3204 confer
751 3145 788 3203 de
810 3144 860 3203 fin.
884 3143 941 3218 lv,
967 3136 1051 3224 20.³)

747 3356 776 3434 s,
801 3361 829 3417 c.

288 3483 370 3552 Quae
389 3503 456 3542 cum
475 3484 518 3541 ita
537 3483 605 3558 sint,
630 3483 740 3540 sicum
760 3483 803 3541 eis
821 3482 970 3557 perfectis,
995 3499 1072 3557 quae
1091 3483 1203 3540 habent
1221 3482 1378 3540 enuntiate

200 3572 374 3632 secundarie
402 3572 564 3648 primariis,
593 3573 624 3629 in
654 3571 763 3646 quibus
791 3591 933 3646 praesens
961 3571 1092 3645 positum
1122 3572 1181 3645 est,
1211 3569 1377 3647 subiuncta,

199 3667 234 3720 ut
252 3661 329 3720 actio
348 3661 525 3720 antecedens
539 3661 731 3735 significetur,
750 3660 920 3734 praesentia
939 3661 986 3718 vel
1000 3659 1133 3734 perfecte
1147 3659 1377 3734 coniunguntur,

201 3770 259 3810 non
288 3753 406 3825 oportet
433 3750 619 3820 concludere,
653 3749 683 3806 id
712 3749 791 3825 quod
818 3750 885 3806 vult
913 3739 1114 3825 Lieveniue,'²)
1142 3748 1216 3806 talia
1243 3749 1376 3822 persecu

201 3841 311 3898 hebere
334 3839 425 3898 etiam
439 3838 605 3913 praesentis
629 3837 866 3896 consecutionem
889 3839 1066 3912 temporum.
1098 3836 1254 3895 Pertinent
1276 3840 1376 3896 cirtem

200 3929 257 3986 huc
286 3927 316 3984 hi
340 3928 403 3986 loci.
428 3927 535 3986 defin.
559 3926 615 3998 IV,
640 3928 696 3985 46:
726 3927 851 4004 Minime
873 3943 940 3984 cero
966 3925 1040 3984 illud
1062 3927 1167 4001 probo,
1196 3926 1282 3998 quod,
1311 3944 1376 3984 cum

201 4017 387 4083 docuistis,
419 4021 452 4074 ut
480 4018 559 4074 cobis
586 4016 736 4082 uidemini,
768 4016 861 4074 sotum
888 4017 993 4073 bouum
1021 4031 1094 4080 esse,
1128 4016 1202 4086 quod
1228 4015 1376 4072 honestum

201 4107 261 4171 sit,
285 4109 346 4162 tum
368 4123 473 4164 rursus
496 4105 590 4164 dicitis
612 4105 698 4162 initio
715 4106 843 4176 proponi
864 4120 975 4162 neeesse
998 4121 1057 4162 csse
1080 4107 1150 4176 opto
1173 4107 1199 4160 et
1221 4121 1375 4162 oeeommo·

200 4196 271 4252 dota
282 4198 416 4260 naturae,
431 4210 553 4266 quonum
567 4210 600 4251 eu
613 4193 759 4251 selectione
772 4195 865 4251 cinus
874 4194 969 4266 possit
982 4194 1122 4252 exsistere.
1147 4191 1232 4252 Tusc.
1248 4190 1301 4264 III,
1318 4193 1375 4250 62:
1471 4251 1476 4260 ,
