<?xml version="1.0" encoding="UTF-8"?>
<!DOCTYPE html PUBLIC "-//W3C//DTD XHTML 1.0 Transitional//EN"
    "http://www.w3.org/TR/xhtml1/DTD/xhtml1-transitional.dtd">
<html xmlns="http://www.w3.org/1999/xhtml" xml:lang="en" lang="en">
 <head>
  <title>
</title>
<meta http-equiv="Content-Type" content="text/html;charset=utf-8" />
  <meta name='ocr-system' content='tesseract 3.04.00' />
  <meta name='ocr-capabilities' content='ocr_page ocr_carea ocr_par ocr_line ocrx_word'/>
</head>
<body>
  <div class='ocr_page' id='page_1' title='image "./deconsecutionet00wetzgoog_0010.png"; bbox 0 0 3366 5266; ppageno 0'>
   <div class='ocr_carea' id='block_1_1' title="bbox 214 1297 1391 2436">
    <p class='ocr_par' dir='ltr' id='par_1_1' title="bbox 214 1297 1391 2436">
     <span class='ocr_line' id='line_1_1' title="bbox 304 1297 1391 1372; baseline 0 -16"><span class='ocrx_word' id='word_1_1' title='bbox 304 1299 416 1358; x_wconf 89' lang='lat' dir='ltr'>Multos</span> <span class='ocrx_word' id='word_1_2' title='bbox 439 1299 602 1358; x_wconf 80' lang='lat' dir='ltr'><strong>admodum</strong></span> <span class='ocrx_word' id='word_1_3' title='bbox 624 1297 751 1358; x_wconf 81' lang='lat' dir='ltr'>inveniri</span> <span class='ocrx_word' id='word_1_4' title='bbox 767 1317 841 1364; x_wconf 75' lang='lat' dir='ltr'>,cum</span> <span class='ocrx_word' id='word_1_5' title='bbox 870 1298 901 1354; x_wconf 90' lang='lat' dir='ltr'>in</span> <span class='ocrx_word' id='word_1_6' title='bbox 924 1298 1057 1355; x_wconf 89' lang='lat' dir='ltr'>omnium</span> <span class='ocrx_word' id='word_1_7' title='bbox 1081 1297 1260 1372; x_wconf 87' lang='lat' dir='ltr'>scriptorum</span> <span class='ocrx_word' id='word_1_8' title='bbox 1283 1297 1391 1356; x_wconf 81' lang='lat' dir='ltr'>Roma-</span> 
     </span>
     <span class='ocr_line' id='line_1_2' title="bbox 215 1385 1391 1460; baseline -0.003 -14"><span class='ocrx_word' id='word_1_9' title='bbox 215 1408 322 1447; x_wconf 90' lang='lat' dir='ltr'>norum</span> <span class='ocrx_word' id='word_1_10' title='bbox 344 1391 409 1446; x_wconf 92' lang='lat' dir='ltr'>tum</span> <span class='ocrx_word' id='word_1_11' title='bbox 430 1388 461 1444; x_wconf 91' lang='lat' dir='ltr'>in</span> <span class='ocrx_word' id='word_1_12' title='bbox 485 1385 635 1448; x_wconf 76' lang='lat' dir='ltr'>Ciceronis</span> <span class='ocrx_word' id='word_1_13' title='bbox 653 1387 739 1445; x_wconf 89' lang='lat' dir='ltr'>libris</span> <span class='ocrx_word' id='word_1_14' title='bbox 758 1387 846 1458; x_wconf 89' lang='lat' dir='ltr'>locos,</span> <span class='ocrx_word' id='word_1_15' title='bbox 871 1387 921 1460; x_wconf 91' lang='lat' dir='ltr'>qui</span> <span class='ocrx_word' id='word_1_16' title='bbox 936 1385 1111 1460; x_wconf 80' lang='lat' dir='ltr'>vulgaribus</span> <span class='ocrx_word' id='word_1_17' title='bbox 1126 1385 1391 1460; x_wconf 89' lang='lat' dir='ltr'>grammaticorum</span> 
     </span>
     <span class='ocr_line' id='line_1_3' title="bbox 215 1474 1389 1552; baseline -0.003 -17"><span class='ocrx_word' id='word_1_18' title='bbox 215 1477 251 1536; x_wconf 88' lang='lat' dir='ltr'>dc</span> <span class='ocrx_word' id='word_1_19' title='bbox 280 1477 486 1548; x_wconf 80' lang='lat' dir='ltr'>consecutione</span> <span class='ocrx_word' id='word_1_20' title='bbox 513 1481 695 1552; x_wconf 82' lang='lat' dir='ltr'>temporum,</span> <span class='ocrx_word' id='word_1_21' title='bbox 723 1494 799 1550; x_wconf 89' lang='lat' dir='ltr'>quae</span> <span class='ocrx_word' id='word_1_22' title='bbox 822 1477 965 1547; x_wconf 86' lang='lat' dir='ltr'>vocatur,</span> <span class='ocrx_word' id='word_1_23' title='bbox 991 1475 1158 1549; x_wconf 77' lang='lat' dir='ltr'>praeceptis</span> <span class='ocrx_word' id='word_1_24' title='bbox 1186 1474 1389 1548; x_wconf 80' lang='lat' dir='ltr'>adversentur,</span> 
     </span>
     <span class='ocr_line' id='line_1_4' title="bbox 215 1562 1390 1640; baseline 0 -18"><span class='ocrx_word' id='word_1_25' title='bbox 215 1565 281 1640; x_wconf 91' lang='lat' dir='ltr'>quis</span> <span class='ocrx_word' id='word_1_26' title='bbox 300 1567 347 1624; x_wconf 90' lang='lat' dir='ltr'>est</span> <span class='ocrx_word' id='word_1_27' title='bbox 365 1566 420 1624; x_wconf 90' lang='lat' dir='ltr'>hac</span> <span class='ocrx_word' id='word_1_28' title='bbox 435 1568 542 1637; x_wconf 89' lang='lat' dir='ltr'>aetate,</span> <span class='ocrx_word' id='word_1_29' title='bbox 565 1565 617 1640; x_wconf 88' lang='lat' dir='ltr'>qui</span> <span class='ocrx_word' id='word_1_30' title='bbox 630 1563 762 1622; x_wconf 80' lang='lat' dir='ltr'>nesciat?</span> <span class='ocrx_word' id='word_1_31' title='bbox 800 1562 906 1638; x_wconf 89' lang='lat' dir='ltr'>Itaque</span> <span class='ocrx_word' id='word_1_32' title='bbox 929 1563 988 1620; x_wconf 91' lang='lat' dir='ltr'>huc</span> <span class='ocrx_word' id='word_1_33' title='bbox 1011 1581 1127 1638; x_wconf 89' lang='lat' dir='ltr'>quoque</span> <span class='ocrx_word' id='word_1_34' title='bbox 1150 1563 1281 1638; x_wconf 90' lang='lat' dir='ltr'>pertinet</span> <span class='ocrx_word' id='word_1_35' title='bbox 1299 1563 1390 1622; x_wconf 87' lang='lat' dir='ltr'>veris-</span> 
     </span>
     <span class='ocr_line' id='line_1_5' title="bbox 215 1650 1389 1728; baseline -0.002 -17"><span class='ocrx_word' id='word_1_36' title='bbox 215 1654 323 1712; x_wconf 91' lang='lat' dir='ltr'>simum</span> <span class='ocrx_word' id='word_1_37' title='bbox 345 1654 420 1711; x_wconf 90' lang='lat' dir='ltr'>illud</span> <span class='ocrx_word' id='word_1_38' title='bbox 444 1653 627 1728; x_wconf 84' lang='lat' dir='ltr'>Fecciolatii,</span> <span class='ocrx_word' id='word_1_39' title='bbox 656 1653 681 1710; x_wconf 88' lang='lat' dir='ltr'>si</span> <span class='ocrx_word' id='word_1_40' title='bbox 709 1654 774 1710; x_wconf 90' lang='lat' dir='ltr'>tota</span> <span class='ocrx_word' id='word_1_41' title='bbox 797 1652 862 1710; x_wconf 90' lang='lat' dir='ltr'>laus</span> <span class='ocrx_word' id='word_1_42' title='bbox 886 1650 1062 1710; x_wconf 79' lang='lat' dir='ltr'>Latinitatis</span> <span class='ocrx_word' id='word_1_43' title='bbox 1093 1652 1124 1708; x_wconf 90' lang='lat' dir='ltr'>in</span> <span class='ocrx_word' id='word_1_44' title='bbox 1147 1671 1181 1710; x_wconf 89' lang='lat' dir='ltr'>eo</span> <span class='ocrx_word' id='word_1_45' title='bbox 1205 1651 1389 1724; x_wconf 80' lang='lat' dir='ltr'>consisteret,</span> 
     </span>
     <span class='ocr_line' id='line_1_6' title="bbox 215 1739 1389 1816; baseline -0.003 -16"><span class='ocrx_word' id='word_1_46' title='bbox 215 1746 250 1800; x_wconf 91' lang='lat' dir='ltr'>ut</span> <span class='ocrx_word' id='word_1_47' title='bbox 273 1743 335 1800; x_wconf 90' lang='lat' dir='ltr'>sinc</span> <span class='ocrx_word' id='word_1_48' title='bbox 359 1741 533 1800; x_wconf 80' lang='lat' dir='ltr'>bara&#39;rismis</span> <span class='ocrx_word' id='word_1_49' title='bbox 558 1746 589 1801; x_wconf 91' lang='lat' dir='ltr'>et</span> <span class='ocrx_word' id='word_1_50' title='bbox 607 1743 671 1800; x_wconf 89' lang='lat' dir='ltr'>sine</span> <span class='ocrx_word' id='word_1_51' title='bbox 698 1740 879 1799; x_wconf 89' lang='lat' dir='ltr'>soloecismis</span> <span class='ocrx_word' id='word_1_52' title='bbox 909 1744 989 1800; x_wconf 88' lang='lat' dir='ltr'>esset</span> <span class='ocrx_word' id='word_1_53' title='bbox 1016 1739 1120 1816; x_wconf 85' lang='lat' dir='ltr'>oratio,</span> <span class='ocrx_word' id='word_1_54' title='bbox 1143 1759 1181 1798; x_wconf 86' lang='lat' dir='ltr'>ne</span> <span class='ocrx_word' id='word_1_55' title='bbox 1203 1739 1303 1814; x_wconf 92' lang='lat' dir='ltr'>ipsum</span> <span class='ocrx_word' id='word_1_56' title='bbox 1327 1741 1389 1815; x_wconf 92' lang='lat' dir='ltr'>qui-</span> 
     </span>
     <span class='ocr_line' id='line_1_7' title="bbox 215 1827 1390 1904; baseline -0.002 -16"><span class='ocrx_word' id='word_1_57' title='bbox 215 1831 282 1888; x_wconf 88' lang='lat' dir='ltr'>dem</span> <span class='ocrx_word' id='word_1_58' title='bbox 305 1828 476 1889; x_wconf 80' lang='lat' dir='ltr'>Ciceronem</span> <span class='ocrx_word' id='word_1_59' title='bbox 504 1831 645 1888; x_wconf 90' lang='lat' dir='ltr'>Latinum</span> <span class='ocrx_word' id='word_1_60' title='bbox 676 1848 754 1899; x_wconf 83' lang='lat' dir='ltr'>esse,</span> <span class='ocrx_word' id='word_1_61' title='bbox 783 1830 866 1887; x_wconf 90' lang='lat' dir='ltr'>cuius</span> <span class='ocrx_word' id='word_1_62' title='bbox 889 1829 973 1902; x_wconf 88' lang='lat' dir='ltr'>libri,</span> <span class='ocrx_word' id='word_1_63' title='bbox 1003 1829 1029 1887; x_wconf 91' lang='lat' dir='ltr'>si</span> <span class='ocrx_word' id='word_1_64' title='bbox 1057 1828 1094 1886; x_wconf 89' lang='lat' dir='ltr'>ad</span> <span class='ocrx_word' id='word_1_65' title='bbox 1126 1827 1390 1904; x_wconf 88' lang='lat' dir='ltr'>grammaticorum</span> 
     </span>
     <span class='ocr_line' id='line_1_8' title="bbox 215 1911 1390 1995; baseline -0.001 -18"><span class='ocrx_word' id='word_1_66' title='bbox 215 1919 419 1979; x_wconf 83' lang='lat' dir='ltr'>cavillationes</span> <span class='ocrx_word' id='word_1_67' title='bbox 441 1919 639 1994; x_wconf 85' lang='lat' dir='ltr'>exigerentur,</span> <span class='ocrx_word' id='word_1_68' title='bbox 660 1918 840 1977; x_wconf 86' lang='lat' dir='ltr'>soloecismis</span> <span class='ocrx_word' id='word_1_69' title='bbox 864 1937 924 1976; x_wconf 91' lang='lat' dir='ltr'>non</span> <span class='ocrx_word' id='word_1_70' title='bbox 942 1911 1114 1995; x_wconf 84' lang='lat' dir='ltr'>ca1·erent.¹)</span> <span class='ocrx_word' id='word_1_71' title='bbox 1161 1918 1200 1975; x_wconf 84' lang='lat' dir='ltr'>Et</span> <span class='ocrx_word' id='word_1_72' title='bbox 1218 1936 1288 1976; x_wconf 87' lang='lat' dir='ltr'>vero</span> <span class='ocrx_word' id='word_1_73' title='bbox 1305 1936 1390 1991; x_wconf 88' lang='lat' dir='ltr'>supc-</span> 
     </span>
     <span class='ocr_line' id='line_1_9' title="bbox 214 2005 1389 2080; baseline -0.002 -16"><span class='ocrx_word' id='word_1_74' title='bbox 214 2008 307 2066; x_wconf 90' lang='lat' dir='ltr'>riores</span> <span class='ocrx_word' id='word_1_75' title='bbox 332 2009 389 2066; x_wconf 87' lang='lat' dir='ltr'>viri</span> <span class='ocrx_word' id='word_1_76' title='bbox 409 2007 497 2080; x_wconf 80' lang='lat' dir='ltr'>docti,</span> <span class='ocrx_word' id='word_1_77' title='bbox 521 2012 555 2066; x_wconf 90' lang='lat' dir='ltr'>ut</span> <span class='ocrx_word' id='word_1_78' title='bbox 573 2007 735 2066; x_wconf 89' lang='lat' dir='ltr'>Lambinus</span> <span class='ocrx_word' id='word_1_79' title='bbox 751 2006 906 2066; x_wconf 88' lang='lat' dir='ltr'>Turnebus</span> <span class='ocrx_word' id='word_1_80' title='bbox 934 2006 1087 2064; x_wconf 89' lang='lat' dir='ltr'>Manutius</span> <span class='ocrx_word' id='word_1_81' title='bbox 1105 2006 1261 2064; x_wconf 84' lang='lat' dir='ltr'>Ernestius</span> <span class='ocrx_word' id='word_1_82' title='bbox 1278 2005 1338 2078; x_wconf 82' lang='lat' dir='ltr'>alii,</span> <span class='ocrx_word' id='word_1_83' title='bbox 1358 2005 1389 2062; x_wconf 94' lang='lat' dir='ltr'>in</span> 
     </span>
     <span class='ocr_line' id='line_1_10' title="bbox 214 2093 1389 2169; baseline -0.001 -16"><span class='ocrx_word' id='word_1_84' title='bbox 214 2095 377 2154; x_wconf 85' lang='lat' dir='ltr'>illiusmodi</span> <span class='ocrx_word' id='word_1_85' title='bbox 392 2096 464 2155; x_wconf 92' lang='lat' dir='ltr'>locis</span> <span class='ocrx_word' id='word_1_86' title='bbox 483 2096 557 2155; x_wconf 90' lang='lat' dir='ltr'>vitia</span> <span class='ocrx_word' id='word_1_87' title='bbox 576 2116 594 2153; x_wconf 91' lang='lat' dir='ltr'>a</span> <span class='ocrx_word' id='word_1_88' title='bbox 614 2095 717 2155; x_wconf 89' lang='lat' dir='ltr'>scribis</span> <span class='ocrx_word' id='word_1_89' title='bbox 737 2095 872 2169; x_wconf 86' lang='lat' dir='ltr'>profecta</span> <span class='ocrx_word' id='word_1_90' title='bbox 886 2096 985 2153; x_wconf 90' lang='lat' dir='ltr'>inesse</span> <span class='ocrx_word' id='word_1_91' title='bbox 1000 2093 1059 2152; x_wconf 88' lang='lat' dir='ltr'>rati</span> <span class='ocrx_word' id='word_1_92' title='bbox 1077 2097 1191 2152; x_wconf 78' lang='lat' dir='ltr'>tentum</span> <span class='ocrx_word' id='word_1_93' title='bbox 1211 2095 1255 2152; x_wconf 91' lang='lat' dir='ltr'>ita</span> <span class='ocrx_word' id='word_1_94' title='bbox 1271 2097 1389 2152; x_wconf 89' lang='lat' dir='ltr'>mutare</span> 
     </span>
     <span class='ocr_line' id='line_1_11' title="bbox 215 2183 1390 2260; baseline -0.001 -18"><span class='ocrx_word' id='word_1_95' title='bbox 215 2185 296 2244; x_wconf 91' lang='lat' dir='ltr'>soliti</span> <span class='ocrx_word' id='word_1_96' title='bbox 306 2189 385 2260; x_wconf 86' lang='lat' dir='ltr'>sunt,</span> <span class='ocrx_word' id='word_1_97' title='bbox 401 2189 434 2243; x_wconf 92' lang='lat' dir='ltr'>ut</span> <span class='ocrx_word' id='word_1_98' title='bbox 443 2185 503 2242; x_wconf 85' lang='lat' dir='ltr'>illis</span> <span class='ocrx_word' id='word_1_99' title='bbox 514 2186 631 2260; x_wconf 84' lang='lat' dir='ltr'>legibus</span> <span class='ocrx_word' id='word_1_100' title='bbox 643 2185 716 2242; x_wconf 89' lang='lat' dir='ltr'>satis</span> <span class='ocrx_word' id='word_1_101' title='bbox 726 2183 825 2259; x_wconf 80' lang='lat' dir='ltr'>fierct3</span> <span class='ocrx_word' id='word_1_102' title='bbox 842 2202 915 2258; x_wconf 89' lang='lat' dir='ltr'>quos</span> <span class='ocrx_word' id='word_1_103' title='bbox 928 2183 979 2258; x_wconf 89' lang='lat' dir='ltr'>qui</span> <span class='ocrx_word' id='word_1_104' title='bbox 993 2184 1164 2258; x_wconf 82' lang='lat' dir='ltr'>sequantur,</span> <span class='ocrx_word' id='word_1_105' title='bbox 1180 2183 1272 2240; x_wconf 88' lang='lat' dir='ltr'>etiam</span> <span class='ocrx_word' id='word_1_106' title='bbox 1285 2186 1390 2241; x_wconf 92' lang='lat' dir='ltr'>nostra</span> 
     </span>
     <span class='ocr_line' id='line_1_12' title="bbox 214 2264 1389 2350; baseline -0.003 -19"><span class='ocrx_word' id='word_1_107' title='bbox 214 2277 314 2332; x_wconf 87' lang='lat' dir='ltr'>aetate</span> <span class='ocrx_word' id='word_1_108' title='bbox 328 2273 408 2331; x_wconf 88' lang='lat' dir='ltr'>haud</span> <span class='ocrx_word' id='word_1_109' title='bbox 426 2292 536 2348; x_wconf 90' lang='lat' dir='ltr'>paucos</span> <span class='ocrx_word' id='word_1_110' title='bbox 555 2264 741 2350; x_wconf 74' lang='lat' dir='ltr'>inveneris.²)</span> <span class='ocrx_word' id='word_1_111' title='bbox 787 2270 909 2330; x_wconf 86' lang='lat' dir='ltr'>Rectius</span> <span class='ocrx_word' id='word_1_112' title='bbox 925 2275 1026 2329; x_wconf 91' lang='lat' dir='ltr'>autem</span> <span class='ocrx_word' id='word_1_113' title='bbox 1043 2271 1065 2328; x_wconf 92' lang='lat' dir='ltr'>ii</span> <span class='ocrx_word' id='word_1_114' title='bbox 1083 2272 1227 2343; x_wconf 82' lang='lat' dir='ltr'>fecerunt,</span> <span class='ocrx_word' id='word_1_115' title='bbox 1251 2271 1302 2346; x_wconf 89' lang='lat' dir='ltr'>qni</span> <span class='ocrx_word' id='word_1_116' title='bbox 1322 2291 1389 2330; x_wconf 91' lang='lat' dir='ltr'>cum</span> 
     </span>
     <span class='ocr_line' id='line_1_13' title="bbox 214 2359 1389 2436; baseline -0.002 -16"><span class='ocrx_word' id='word_1_117' title='bbox 214 2381 273 2420; x_wconf 92' lang='lat' dir='ltr'>non</span> <span class='ocrx_word' id='word_1_118' title='bbox 305 2363 447 2420; x_wconf 89' lang='lat' dir='ltr'>Latinum</span> <span class='ocrx_word' id='word_1_119' title='bbox 480 2381 644 2421; x_wconf 88' lang='lat' dir='ltr'>sermonem</span> <span class='ocrx_word' id='word_1_120' title='bbox 684 2381 720 2420; x_wconf 87' lang='lat' dir='ltr'>ex</span> <span class='ocrx_word' id='word_1_121' title='bbox 757 2360 966 2436; x_wconf 78' lang='lat' dir='ltr'>grammatica,</span> <span class='ocrx_word' id='word_1_122' title='bbox 1005 2359 1057 2418; x_wconf 89' lang='lat' dir='ltr'>sed</span> <span class='ocrx_word' id='word_1_123' title='bbox 1089 2359 1317 2436; x_wconf 84' lang='lat' dir='ltr'>grammaticam</span> <span class='ocrx_word' id='word_1_124' title='bbox 1353 2379 1389 2418; x_wconf 88' lang='lat' dir='ltr'>ex</span> 
     </span>
    </p>
   </div>
   <div class='ocr_carea' id='block_1_2' title="bbox 284 2567 1389 2708">
    <p class='ocr_par' dir='ltr' id='par_1_2' title="bbox 284 2567 1389 2708">
     <span class='ocr_line' id='line_1_14' title="bbox 287 2567 672 2636; baseline 0 -16"><span class='ocrx_word' id='word_1_125' title='bbox 287 2569 313 2636; x_wconf 88' lang='lat'>1)</span> <span class='ocrx_word' id='word_1_126' title='bbox 333 2567 452 2620; x_wconf 86' lang='lat' dir='ltr'>Facciol.</span> <span class='ocrx_word' id='word_1_127' title='bbox 472 2568 541 2622; x_wconf 90' lang='lat' dir='ltr'>orat.</span> <span class='ocrx_word' id='word_1_128' title='bbox 560 2567 581 2621; x_wconf 86' lang='grc' dir='ltr'>Ι.</span> <span class='ocrx_word' id='word_1_129' title='bbox 599 2583 627 2634; x_wconf 90' lang='lat' dir='ltr'>p.</span> <span class='ocrx_word' id='word_1_130' title='bbox 648 2573 672 2620; x_wconf 74' lang='lat'>7.</span> 
     </span>
     <span class='ocr_line' id='line_1_15' title="bbox 284 2635 1389 2708; baseline -0.002 -18"><span class='ocrx_word' id='word_1_131' title='bbox 284 2641 312 2708; x_wconf 82' lang='lat'>2)</span> <span class='ocrx_word' id='word_1_132' title='bbox 331 2637 436 2692; x_wconf 82' lang='lat' dir='ltr'>Eadem</span> <span class='ocrx_word' id='word_1_133' title='bbox 460 2639 529 2691; x_wconf 92' lang='lat' dir='ltr'>haec</span> <span class='ocrx_word' id='word_1_134' title='bbox 551 2637 623 2690; x_wconf 89' lang='lat' dir='ltr'>ratio</span> <span class='ocrx_word' id='word_1_135' title='bbox 647 2638 701 2702; x_wconf 79' lang='lat' dir='ltr'>cst,</span> <span class='ocrx_word' id='word_1_136' title='bbox 726 2653 810 2704; x_wconf 90' lang='lat' dir='ltr'>quam</span> <span class='ocrx_word' id='word_1_137' title='bbox 834 2635 1018 2690; x_wconf 83' lang='lat' dir='ltr'>Hoffmannus</span> <span class='ocrx_word' id='word_1_138' title='bbox 1038 2636 1099 2704; x_wconf 92' lang='lat' dir='ltr'>(Die</span> <span class='ocrx_word' id='word_1_139' title='bbox 1119 2635 1316 2690; x_wconf 79' lang='lat' dir='ltr'>Construction</span> <span class='ocrx_word' id='word_1_140' title='bbox 1340 2637 1389 2690; x_wconf 87' lang='lat' dir='ltr'>der</span> 
     </span>
    </p>
   </div>
   <div class='ocr_carea' id='block_1_3' title="bbox 115 2687 1389 2777">
    <p class='ocr_par' dir='ltr' id='par_1_3' title="bbox 115 2687 1389 2777">
     <span class='ocr_line' id='line_1_16' title="bbox 115 2687 1389 2777; baseline -0.002 -15"><span class='ocrx_word' id='word_1_141' title='bbox 115 2687 119 2698; x_wconf 44' lang='lat'>¹</span> <span class='ocrx_word' id='word_1_142' title='bbox 213 2709 261 2764; x_wconf 80' lang='lat' dir='ltr'>lat,</span> <span class='ocrx_word' id='word_1_143' title='bbox 291 2708 499 2777; x_wconf 84' lang='lat' dir='ltr'>Zeitpartikeln.</span> <span class='ocrx_word' id='word_1_144' title='bbox 535 2708 626 2762; x_wconf 89' lang='lat' dir='ltr'>Wien.</span> <span class='ocrx_word' id='word_1_145' title='bbox 660 2713 736 2762; x_wconf 82' lang='grc'><strong>1873.</strong></span> <span class='ocrx_word' id='word_1_146' title='bbox 770 2707 875 2763; x_wconf 75' lang='lat' dir='ltr'>dell.</span> <span class='ocrx_word' id='word_1_147' title='bbox 898 2725 925 2776; x_wconf 90' lang='lat' dir='ltr'>p.</span> <span class='ocrx_word' id='word_1_148' title='bbox 951 2713 984 2760; x_wconf 87' lang='grc'>46</span> <span class='ocrx_word' id='word_1_149' title='bbox 1007 2710 1057 2774; x_wconf 83' lang='lat' dir='ltr'>sq.)</span> <span class='ocrx_word' id='word_1_150' title='bbox 1086 2707 1240 2775; x_wconf 77' lang='lat' dir='ltr'>vituperat,</span> <span class='ocrx_word' id='word_1_151' title='bbox 1268 2724 1332 2760; x_wconf 89' lang='lat' dir='ltr'>cum</span> <span class='ocrx_word' id='word_1_152' title='bbox 1359 2707 1389 2760; x_wconf 89' lang='lat' dir='ltr'>in</span> 
     </span>
    </p>
   </div>
   <div class='ocr_carea' id='block_1_4' title="bbox 213 2777 1446 3059">
    <p class='ocr_par' dir='ltr' id='par_1_4' title="bbox 213 2777 1446 3059">
     <span class='ocr_line' id='line_1_17' title="bbox 214 2777 1389 2847; baseline -0.003 -13"><span class='ocrx_word' id='word_1_153' title='bbox 214 2797 273 2847; x_wconf 85' lang='lat' dir='ltr'>eos,</span> <span class='ocrx_word' id='word_1_154' title='bbox 298 2779 346 2847; x_wconf 90' lang='lat' dir='ltr'>qui</span> <span class='ocrx_word' id='word_1_155' title='bbox 370 2779 564 2847; x_wconf 85' lang='lat' dir='ltr'>imperfectum</span> <span class='ocrx_word' id='word_1_156' title='bbox 584 2779 629 2832; x_wconf 89' lang='lat' dir='ltr'>vel</span> <span class='ocrx_word' id='word_1_157' title='bbox 652 2779 958 2847; x_wconf 88' lang='lat' dir='ltr'>plusquamperfectum</span> <span class='ocrx_word' id='word_1_158' title='bbox 977 2777 1147 2832; x_wconf 87' lang='lat' dir='ltr'>coniunctivi</span> <span class='ocrx_word' id='word_1_159' title='bbox 1165 2779 1230 2845; x_wconf 87' lang='lat' dir='ltr'>post</span> <span class='ocrx_word' id='word_1_160' title='bbox 1245 2783 1389 2846; x_wconf 78' lang='lat' dir='ltr'>postquam</span> 
     </span>
     <span class='ocr_line' id='line_1_18' title="bbox 213 2848 1388 2916; baseline -0.001 -13"><span class='ocrx_word' id='word_1_161' title='bbox 213 2851 377 2904; x_wconf 88' lang='lat' dir='ltr'>mutandum</span> <span class='ocrx_word' id='word_1_162' title='bbox 401 2867 458 2904; x_wconf 86' lang='lat' dir='ltr'>esse</span> <span class='ocrx_word' id='word_1_163' title='bbox 483 2851 663 2916; x_wconf 85' lang='lat' dir='ltr'>censuerunt,</span> <span class='ocrx_word' id='word_1_164' title='bbox 687 2849 727 2902; x_wconf 88' lang='lat' dir='ltr'>sic</span> <span class='ocrx_word' id='word_1_165' title='bbox 749 2848 903 2902; x_wconf 87' lang='lat' dir='ltr'>invehitur:</span> <span class='ocrx_word' id='word_1_166' title='bbox 931 2849 1165 2902; x_wconf 82' lang='lat' dir='ltr'>Beechtenswerth</span> <span class='ocrx_word' id='word_1_167' title='bbox 1188 2849 1224 2900; x_wconf 81' lang='lat' dir='ltr'>ist</span> <span class='ocrx_word' id='word_1_168' title='bbox 1247 2865 1273 2902; x_wconf 86' lang='lat' dir='ltr'>es</span> <span class='ocrx_word' id='word_1_169' title='bbox 1292 2849 1388 2914; x_wconf 77' lang='lat' dir='ltr'>jedae-</span> 
     </span>
     <span class='ocr_line' id='line_1_19' title="bbox 213 2919 1446 2990; baseline -0.002 -16"><span class='ocrx_word' id='word_1_170' title='bbox 213 2923 287 2986; x_wconf 77' lang='lat' dir='ltr'>fells,</span> <span class='ocrx_word' id='word_1_171' title='bbox 306 2922 370 2974; x_wconf 80' lang='lat' dir='ltr'>dass</span> <span class='ocrx_word' id='word_1_172' title='bbox 387 2921 485 2990; x_wconf 74' lang='lat' dir='ltr'>perede</span> <span class='ocrx_word' id='word_1_173' title='bbox 504 2922 545 2973; x_wconf 81' lang='lat' dir='ltr'>bet</span> <span class='ocrx_word' id='word_1_174' title='bbox 560 2920 653 2974; x_wconf 80' lang='lat' dir='ltr'>Cicero</span> <span class='ocrx_word' id='word_1_175' title='bbox 672 2921 730 2972; x_wconf 78' lang='lat' dir='ltr'>ctae</span> <span class='ocrx_word' id='word_1_176' title='bbox 747 2921 1010 2988; x_wconf 74' lang='lat' dir='ltr'>oertctltaissna&#39;tssip</span> <span class='ocrx_word' id='word_1_177' title='bbox 1027 2936 1118 2988; x_wconf 75' lang='lat' dir='ltr'>prosse</span> <span class='ocrx_word' id='word_1_178' title='bbox 1134 2919 1204 2972; x_wconf 84' lang='lat' dir='ltr'>Zahl</span> <span class='ocrx_word' id='word_1_179' title='bbox 1218 2935 1272 2972; x_wconf 82' lang='lat' dir='ltr'>eoa</span> <span class='ocrx_word' id='word_1_180' title='bbox 1286 2921 1388 2972; x_wconf 71' lang='lat' dir='ltr'>Stellam</span> <span class='ocrx_word' id='word_1_181' title='bbox 1443 2947 1446 2956; x_wconf 87' lang='lat'>.</span> 
     </span>
     <span class='ocr_line' id='line_1_20' title="bbox 213 2990 1388 3059; baseline -0.002 -15"><span class='ocrx_word' id='word_1_182' title='bbox 213 2993 270 3045; x_wconf 78' lang='lat' dir='ltr'>sicle</span> <span class='ocrx_word' id='word_1_183' title='bbox 292 2994 388 3058; x_wconf 70' lang='lat' dir='ltr'>findet,</span> <span class='ocrx_word' id='word_1_184' title='bbox 411 2993 442 3057; x_wconf 69' lang='lat' dir='ltr'>irc</span> <span class='ocrx_word' id='word_1_185' title='bbox 465 2993 550 3045; x_wconf 81' lang='lat' dir='ltr'>deaea</span> <span class='ocrx_word' id='word_1_186' title='bbox 569 2997 714 3059; x_wconf 77' lang='lat' dir='ltr'>postquem</span> <span class='ocrx_word' id='word_1_187' title='bbox 737 2992 786 3044; x_wconf 80' lang='lat' dir='ltr'>mit</span> <span class='ocrx_word' id='word_1_188' title='bbox 809 2991 867 3043; x_wconf 81' lang='lat' dir='ltr'>dem</span> <span class='ocrx_word' id='word_1_189' title='bbox 887 2990 1050 3056; x_wconf 80' lang='lat' dir='ltr'>Ooajaactic</span> <span class='ocrx_word' id='word_1_190' title='bbox 1074 2991 1120 3044; x_wconf 82' lang='lat' dir='ltr'>des</span> <span class='ocrx_word' id='word_1_191' title='bbox 1139 2991 1299 3058; x_wconf 81' lang='lat' dir='ltr'>Imperfects</span> <span class='ocrx_word' id='word_1_192' title='bbox 1324 2991 1388 3043; x_wconf 82' lang='lat' dir='ltr'>oder</span> 
     </span>
    </p>
   </div>
   <div class='ocr_carea' id='block_1_5' title="bbox 127 3060 1388 3131">
    <p class='ocr_par' dir='ltr' id='par_1_5' title="bbox 127 3060 1388 3131">
     <span class='ocr_line' id='line_1_21' title="bbox 127 3060 1388 3131; baseline -0.001 -16"><span class='ocrx_word' id='word_1_193' title='bbox 127 3083 132 3091; x_wconf 94' lang='lat'>·</span> <span class='ocrx_word' id='word_1_194' title='bbox 215 3063 481 3131; x_wconf 77' lang='lat' dir='ltr'>Plesqaempcrfects</span> <span class='ocrx_word' id='word_1_195' title='bbox 499 3063 647 3115; x_wconf 72' lang='lat' dir='ltr'>ceastresire</span> <span class='ocrx_word' id='word_1_196' title='bbox 666 3063 702 3114; x_wconf 84' lang='lat' dir='ltr'>e&#39;st</span> <span class='ocrx_word' id='word_1_197' title='bbox 717 3092 748 3099; x_wconf 95' lang='lat'>—</span> <span class='ocrx_word' id='word_1_198' title='bbox 763 3063 822 3114; x_wconf 85' lang='lat' dir='ltr'>aad</span> <span class='ocrx_word' id='word_1_199' title='bbox 840 3068 918 3114; x_wconf 77' lang='lat' dir='ltr'>coetera</span> <span class='ocrx_word' id='word_1_200' title='bbox 936 3063 1007 3114; x_wconf 82' lang='lat' dir='ltr'>each</span> <span class='ocrx_word' id='word_1_201' title='bbox 1023 3062 1080 3128; x_wconf 83' lang='lat' dir='ltr'>fest</span> <span class='ocrx_word' id='word_1_202' title='bbox 1094 3062 1166 3114; x_wconf 78' lang='lat' dir='ltr'>allec</span> <span class='ocrx_word' id='word_1_203' title='bbox 1180 3062 1271 3114; x_wconf 80' lang='lat' dir='ltr'>diesen</span> <span class='ocrx_word' id='word_1_204' title='bbox 1286 3060 1388 3114; x_wconf 76' lang='lat' dir='ltr'>Stellae</span> 
     </span>
    </p>
   </div>
   <div class='ocr_carea' id='block_1_6' title="bbox 211 3132 1388 4620">
    <p class='ocr_par' dir='ltr' id='par_1_6' title="bbox 211 3132 1388 4620">
     <span class='ocr_line' id='line_1_22' title="bbox 214 3132 1388 3200; baseline -0.002 -14"><span class='ocrx_word' id='word_1_205' title='bbox 214 3151 265 3186; x_wconf 82' lang='lat' dir='ltr'>coa</span> <span class='ocrx_word' id='word_1_206' title='bbox 284 3133 375 3186; x_wconf 75' lang='lat' dir='ltr'>Seitca</span> <span class='ocrx_word' id='word_1_207' title='bbox 397 3135 445 3187; x_wconf 80' lang='lat' dir='ltr'>der</span> <span class='ocrx_word' id='word_1_208' title='bbox 463 3133 560 3186; x_wconf 80' lang='lat' dir='ltr'>Krtte&#39;lc</span> <span class='ocrx_word' id='word_1_209' title='bbox 583 3134 631 3186; x_wconf 82' lang='lat' dir='ltr'>der</span> <span class='ocrx_word' id='word_1_210' title='bbox 650 3132 736 3200; x_wconf 69' lang='lat' dir='ltr'>Kriep</span> <span class='ocrx_word' id='word_1_211' title='bbox 758 3133 860 3185; x_wconf 82' lang='lat' dir='ltr'>erkle&#39;trt</span> <span class='ocrx_word' id='word_1_212' title='bbox 877 3133 986 3185; x_wconf 75' lang='lat' dir='ltr'>worden</span> <span class='ocrx_word' id='word_1_213' title='bbox 1004 3133 1053 3197; x_wconf 78' lang='lat' dir='ltr'>ist,</span> <span class='ocrx_word' id='word_1_214' title='bbox 1076 3148 1105 3185; x_wconf 91' lang='lat' dir='ltr'>so</span> <span class='ocrx_word' id='word_1_215' title='bbox 1124 3149 1183 3185; x_wconf 82' lang='lat' dir='ltr'>war</span> <span class='ocrx_word' id='word_1_216' title='bbox 1201 3148 1227 3185; x_wconf 89' lang='lat' dir='ltr'>es</span> <span class='ocrx_word' id='word_1_217' title='bbox 1246 3133 1314 3185; x_wconf 80' lang='lat' dir='ltr'>doct</span> <span class='ocrx_word' id='word_1_218' title='bbox 1331 3149 1388 3184; x_wconf 81' lang='lat' dir='ltr'>aar</span> 
     </span>
     <span class='ocr_line' id='line_1_23' title="bbox 216 3203 1386 3272; baseline 0 -16"><span class='ocrx_word' id='word_1_219' title='bbox 216 3205 406 3272; x_wconf 78' lang='lat' dir='ltr'>Missbctapea</span> <span class='ocrx_word' id='word_1_220' title='bbox 424 3222 462 3257; x_wconf 81' lang='lat' dir='ltr'>aa</span> <span class='ocrx_word' id='word_1_221' title='bbox 480 3205 567 3257; x_wconf 79' lang='lat' dir='ltr'>dieser</span> <span class='ocrx_word' id='word_1_222' title='bbox 587 3203 778 3257; x_wconf 76' lang='lat' dir='ltr'>Constructioa</span> <span class='ocrx_word' id='word_1_223' title='bbox 795 3203 957 3270; x_wconf 62' lang='lat' dir='ltr'>uberhaupt,</span> <span class='ocrx_word' id='word_1_224' title='bbox 976 3204 1051 3256; x_wconf 76' lang='lat' dir='ltr'>nicht</span> <span class='ocrx_word' id='word_1_225' title='bbox 1070 3204 1134 3257; x_wconf 85' lang='lat' dir='ltr'>aber</span> <span class='ocrx_word' id='word_1_226' title='bbox 1153 3204 1197 3256; x_wconf 81' lang='lat' dir='ltr'>die</span> <span class='ocrx_word' id='word_1_227' title='bbox 1210 3203 1386 3269; x_wconf 77' lang='lat' dir='ltr'>Besclmffcn·</span> 
     </span>
     <span class='ocr_line' id='line_1_24' title="bbox 212 3274 1386 3342; baseline -0.002 -14"><span class='ocrx_word' id='word_1_228' title='bbox 212 3276 267 3328; x_wconf 77' lang='lat' dir='ltr'>hert</span> <span class='ocrx_word' id='word_1_229' title='bbox 285 3276 332 3328; x_wconf 84' lang='lat' dir='ltr'>der</span> <span class='ocrx_word' id='word_1_230' title='bbox 350 3276 611 3341; x_wconf 69' lang='lat' dir='ltr'>henderit-ristlichea</span> <span class='ocrx_word' id='word_1_231' title='bbox 630 3274 856 3342; x_wconf 77' lang='lat' dir='ltr'>Ueberle&#39;eseranp,</span> <span class='ocrx_word' id='word_1_232' title='bbox 874 3275 968 3327; x_wconf 83' lang='lat' dir='ltr'>welche</span> <span class='ocrx_word' id='word_1_233' title='bbox 987 3275 1058 3327; x_wconf 80' lang='lat' dir='ltr'>diese</span> <span class='ocrx_word' id='word_1_234' title='bbox 1076 3274 1177 3328; x_wconf 75' lang='lat' dir='ltr'>Stellam</span> <span class='ocrx_word' id='word_1_235' title='bbox 1196 3275 1386 3342; x_wconf 77' lang='lat' dir='ltr'>cerdetchtipte.</span> 
     </span>
     <span class='ocr_line' id='line_1_25' title="bbox 213 3344 1386 3414; baseline -0.002 -15"><span class='ocrx_word' id='word_1_236' title='bbox 213 3347 310 3414; x_wconf 90' lang='lat' dir='ltr'>Neque</span> <span class='ocrx_word' id='word_1_237' title='bbox 329 3362 394 3398; x_wconf 84' lang='lat' dir='ltr'>vero</span> <span class='ocrx_word' id='word_1_238' title='bbox 413 3363 465 3414; x_wconf 85' lang='lat' dir='ltr'>ego</span> <span class='ocrx_word' id='word_1_239' title='bbox 484 3345 559 3398; x_wconf 90' lang='lat' dir='ltr'>solus</span> <span class='ocrx_word' id='word_1_240' title='bbox 578 3345 630 3398; x_wconf 90' lang='lat' dir='ltr'>hoc</span> <span class='ocrx_word' id='word_1_241' title='bbox 648 3344 723 3399; x_wconf 89' lang='lat' dir='ltr'>idem</span> <span class='ocrx_word' id='word_1_242' title='bbox 743 3345 776 3398; x_wconf 90' lang='lat' dir='ltr'>de</span> <span class='ocrx_word' id='word_1_243' title='bbox 795 3344 830 3397; x_wconf 90' lang='lat' dir='ltr'>iis</span> <span class='ocrx_word' id='word_1_244' title='bbox 849 3344 928 3410; x_wconf 85' lang='lat' dir='ltr'>locis,</span> <span class='ocrx_word' id='word_1_245' title='bbox 949 3344 998 3413; x_wconf 89' lang='lat' dir='ltr'>qui</span> <span class='ocrx_word' id='word_1_246' title='bbox 1016 3345 1051 3398; x_wconf 91' lang='lat' dir='ltr'>ad</span> <span class='ocrx_word' id='word_1_247' title='bbox 1071 3345 1297 3398; x_wconf 87' lang='lat' dir='ltr'>consecutionem</span> <span class='ocrx_word' id='word_1_248' title='bbox 1316 3348 1386 3399; x_wconf 90' lang='lat' dir='ltr'>tcm-</span> 
     </span>
     <span class='ocr_line' id='line_1_26' title="bbox 212 3415 1387 3485; baseline -0.001 -16"><span class='ocrx_word' id='word_1_249' title='bbox 212 3434 311 3485; x_wconf 88' lang='lat' dir='ltr'>porum</span> <span class='ocrx_word' id='word_1_250' title='bbox 330 3416 497 3484; x_wconf 87' lang='lat' dir='ltr'>pertineant,</span> <span class='ocrx_word' id='word_1_251' title='bbox 516 3415 576 3469; x_wconf 88' lang='lat' dir='ltr'>ficri</span> <span class='ocrx_word' id='word_1_252' title='bbox 595 3417 754 3469; x_wconf 87' lang='lat' dir='ltr'>etiamnunc</span> <span class='ocrx_word' id='word_1_253' title='bbox 774 3415 863 3469; x_wconf 90' lang='lat' dir='ltr'>solere</span> <span class='ocrx_word' id='word_1_254' title='bbox 882 3415 1009 3470; x_wconf 87' lang='lat' dir='ltr'>arbitror.</span> <span class='ocrx_word' id='word_1_255' title='bbox 1048 3415 1121 3470; x_wconf 86' lang='lat' dir='ltr'>Satis</span> <span class='ocrx_word' id='word_1_256' title='bbox 1141 3415 1179 3468; x_wconf 89' lang='lat' dir='ltr'>sit</span> <span class='ocrx_word' id='word_1_257' title='bbox 1197 3416 1251 3469; x_wconf 91' lang='lat' dir='ltr'>duo</span> <span class='ocrx_word' id='word_1_258' title='bbox 1269 3415 1299 3468; x_wconf 89' lang='lat' dir='ltr'>in</span> <span class='ocrx_word' id='word_1_259' title='bbox 1314 3416 1387 3469; x_wconf 86' lang='lat' dir='ltr'>hanc</span> 
     </span>
     <span class='ocr_line' id='line_1_27' title="bbox 213 3485 1386 3554; baseline 0.003 -16"><span class='ocrx_word' id='word_1_260' title='bbox 213 3504 271 3541; x_wconf 88' lang='lat' dir='ltr'>rem</span> <span class='ocrx_word' id='word_1_261' title='bbox 291 3487 418 3541; x_wconf 81' lang='lat' dir='ltr'>attulisse</span> <span class='ocrx_word' id='word_1_262' title='bbox 436 3487 606 3541; x_wconf 88' lang='lat' dir='ltr'>testimonia.</span> <span class='ocrx_word' id='word_1_263' title='bbox 622 3499 623 3506; x_wconf 55' lang='lat'>¹</span> <span class='ocrx_word' id='word_1_264' title='bbox 644 3487 669 3539; x_wconf 90' lang='lat' dir='ltr'>A</span> <span class='ocrx_word' id='word_1_265' title='bbox 683 3486 889 3540; x_wconf 85' lang='lat' dir='ltr'>Kramarczikio</span> <span class='ocrx_word' id='word_1_266' title='bbox 905 3487 966 3554; x_wconf 89' lang='lat' dir='ltr'>(Die</span> <span class='ocrx_word' id='word_1_267' title='bbox 981 3487 1070 3542; x_wconf 87' lang='lat' dir='ltr'>Lehre</span> <span class='ocrx_word' id='word_1_268' title='bbox 1085 3503 1143 3540; x_wconf 91' lang='lat' dir='ltr'>-von</span> <span class='ocrx_word' id='word_1_269' title='bbox 1164 3487 1213 3540; x_wconf 90' lang='lat' dir='ltr'>der</span> <span class='ocrx_word' id='word_1_270' title='bbox 1227 3485 1386 3541; x_wconf 87' lang='lat' dir='ltr'>consecutio</span> 
     </span>
     <span class='ocr_line' id='line_1_28' title="bbox 212 3557 1387 3626; baseline -0.001 -15"><span class='ocrx_word' id='word_1_271' title='bbox 212 3560 377 3626; x_wconf 89' lang='lat' dir='ltr'>temporum.</span> <span class='ocrx_word' id='word_1_272' title='bbox 414 3559 508 3626; x_wconf 85' lang='lat' dir='ltr'>Progr.</span> <span class='ocrx_word' id='word_1_273' title='bbox 529 3557 692 3626; x_wconf 86' lang='lat' dir='ltr'>Heiligenst.</span> <span class='ocrx_word' id='word_1_274' title='bbox 721 3562 796 3610; x_wconf 80' lang='lat'>1855.</span> <span class='ocrx_word' id='word_1_275' title='bbox 823 3557 921 3625; x_wconf 81' lang='lat' dir='ltr'>prael.)</span> <span class='ocrx_word' id='word_1_276' title='bbox 959 3559 999 3611; x_wconf 90' lang='lat' dir='ltr'>sic</span> <span class='ocrx_word' id='word_1_277' title='bbox 1023 3557 1154 3626; x_wconf 88' lang='lat' dir='ltr'>scriptum</span> <span class='ocrx_word' id='word_1_278' title='bbox 1178 3557 1319 3613; x_wconf 88' lang='lat' dir='ltr'>videmus:</span> <span class='ocrx_word' id='word_1_279' title='bbox 1344 3557 1387 3610; x_wconf 83' lang='lat' dir='ltr'>Es</span> 
     </span>
     <span class='ocr_line' id='line_1_29' title="bbox 212 3628 1387 3695; baseline 0 -14"><span class='ocrx_word' id='word_1_280' title='bbox 212 3629 318 3682; x_wconf 78' lang='lat' dir='ltr'>werden</span> <span class='ocrx_word' id='word_1_281' title='bbox 344 3630 413 3681; x_wconf 80' lang='lat' dir='ltr'>noch</span> <span class='ocrx_word' id='word_1_282' title='bbox 440 3631 534 3682; x_wconf 75' lang='lat' dir='ltr'>tenerer</span> <span class='ocrx_word' id='word_1_283' title='bbox 557 3630 635 3681; x_wconf 85' lang='lat' dir='ltr'>selbst</span> <span class='ocrx_word' id='word_1_284' title='bbox 657 3629 750 3695; x_wconf 63' lang='lat' dir='ltr'>heleseo</span> <span class='ocrx_word' id='word_1_285' title='bbox 773 3629 974 3684; x_wconf 81' lang='lat' dir='ltr'>cortemmeade</span> <span class='ocrx_word' id='word_1_286' title='bbox 997 3628 1079 3682; x_wconf 81' lang='lat' dir='ltr'>Fetlle</span> <span class='ocrx_word' id='word_1_287' title='bbox 1101 3630 1234 3682; x_wconf 77' lang='lat' dir='ltr'>certarent</span> <span class='ocrx_word' id='word_1_288' title='bbox 1258 3628 1322 3681; x_wconf 87' lang='lat' dir='ltr'>oder</span> <span class='ocrx_word' id='word_1_289' title='bbox 1345 3629 1387 3681; x_wconf 87' lang='lat' dir='ltr'>als</span> 
     </span>
     <span class='ocr_line' id='line_1_30' title="bbox 218 3699 1387 3768; baseline 0 -16"><span class='ocrx_word' id='word_1_290' title='bbox 218 3699 520 3768; x_wconf 76' lang='lat' dir='ltr'>Uarepelmctssipleee&#39;tea</span> <span class='ocrx_word' id='word_1_291' title='bbox 539 3700 587 3752; x_wconf 80' lang='lat' dir='ltr'>ruit</span> <span class='ocrx_word' id='word_1_292' title='bbox 605 3700 678 3752; x_wconf 77' lang='lat' dir='ltr'>oretr</span> <span class='ocrx_word' id='word_1_293' title='bbox 696 3699 759 3752; x_wconf 80' lang='lat' dir='ltr'>oder</span> <span class='ocrx_word' id='word_1_294' title='bbox 777 3700 894 3766; x_wconf 72' lang='lat' dir='ltr'>weaiycr</span> <span class='ocrx_word' id='word_1_295' title='bbox 908 3699 1058 3753; x_wconf 81' lang='lat' dir='ltr'>Neclese&#39;cht</span> <span class='ocrx_word' id='word_1_296' title='bbox 1075 3716 1158 3768; x_wconf 75' lang='lat' dir='ltr'>papea</span> <span class='ocrx_word' id='word_1_297' title='bbox 1176 3700 1219 3753; x_wconf 80' lang='lat' dir='ltr'>die</span> <span class='ocrx_word' id='word_1_298' title='bbox 1237 3699 1387 3752; x_wconf 66' lang='lat' dir='ltr'>calmisciaco</span> 
     </span>
     <span class='ocr_line' id='line_1_31' title="bbox 212 3770 1387 3838; baseline 0.001 -16"><span class='ocrx_word' id='word_1_299' title='bbox 212 3770 406 3836; x_wconf 74' lang='lat' dir='ltr'>Sclrriststeller</span> <span class='ocrx_word' id='word_1_300' title='bbox 430 3771 581 3834; x_wconf 55' lang='lat' dir='ltr'>behaeaela</span> <span class='ocrx_word' id='word_1_301' title='bbox 605 3771 664 3823; x_wconf 81' lang='lat' dir='ltr'>aad</span> <span class='ocrx_word' id='word_1_302' title='bbox 687 3771 762 3829; x_wconf 77' lang='lat' dir='ltr'>nicht</span> <span class='ocrx_word' id='word_1_303' title='bbox 784 3771 871 3838; x_wconf 75' lang='lat' dir='ltr'>weaip</span> <span class='ocrx_word' id='word_1_304' title='bbox 890 3770 990 3824; x_wconf 77' lang='lat' dir='ltr'>Stellae</span> <span class='ocrx_word' id='word_1_305' title='bbox 1012 3771 1099 3824; x_wconf 77' lang='lat' dir='ltr'>habea</span> <span class='ocrx_word' id='word_1_306' title='bbox 1116 3771 1148 3823; x_wconf 81' lang='lat' dir='ltr'>ta</span> <span class='ocrx_word' id='word_1_307' title='bbox 1167 3770 1253 3838; x_wconf 75' lang='lat' dir='ltr'>Folpe</span> <span class='ocrx_word' id='word_1_308' title='bbox 1269 3771 1387 3836; x_wconf 70' lang='lat' dir='ltr'>salselles</span> 
     </span>
     <span class='ocr_line' id='line_1_32' title="bbox 215 3840 1387 3910; baseline 0.001 -17"><span class='ocrx_word' id='word_1_309' title='bbox 215 3841 361 3894; x_wconf 77' lang='lat' dir='ltr'>Tlecorieea</span> <span class='ocrx_word' id='word_1_310' title='bbox 382 3841 441 3894; x_wconf 80' lang='lat' dir='ltr'>ihre</span> <span class='ocrx_word' id='word_1_311' title='bbox 463 3841 631 3906; x_wconf 76' lang='lat' dir='ltr'>otberltefcrtc</span> <span class='ocrx_word' id='word_1_312' title='bbox 657 3840 784 3894; x_wconf 65' lang='lat' dir='ltr'>Eiectat</span> <span class='ocrx_word' id='word_1_313' title='bbox 806 3841 963 3909; x_wconf 71' lang='lat' dir='ltr'>eiapebetsst.</span> <span class='ocrx_word' id='word_1_314' title='bbox 1002 3841 1038 3894; x_wconf 87' lang='lat' dir='ltr'>Et</span> <span class='ocrx_word' id='word_1_315' title='bbox 1056 3841 1137 3910; x_wconf 86' lang='lat' dir='ltr'>Hugo</span> <span class='ocrx_word' id='word_1_316' title='bbox 1156 3841 1306 3896; x_wconf 88' lang='lat' dir='ltr'>Lievenius</span> <span class='ocrx_word' id='word_1_317' title='bbox 1324 3841 1387 3907; x_wconf 90' lang='lat' dir='ltr'>(Die</span> 
     </span>
     <span class='ocr_line' id='line_1_33' title="bbox 212 3909 1387 3981; baseline 0.003 -17"><span class='ocrx_word' id='word_1_318' title='bbox 212 3911 373 3966; x_wconf 85' lang='lat' dir='ltr'>consecutio</span> <span class='ocrx_word' id='word_1_319' title='bbox 392 3914 550 3980; x_wconf 87' lang='lat' dir='ltr'>temporum</span> <span class='ocrx_word' id='word_1_320' title='bbox 569 3911 617 3965; x_wconf 89' lang='lat' dir='ltr'>des</span> <span class='ocrx_word' id='word_1_321' title='bbox 640 3909 743 3964; x_wconf 83' lang='lat' dir='ltr'>Cicero.</span> <span class='ocrx_word' id='word_1_322' title='bbox 772 3910 852 3979; x_wconf 83' lang='lat' dir='ltr'>Riga.</span> <span class='ocrx_word' id='word_1_323' title='bbox 874 3918 951 3966; x_wconf 74' lang='lat'>1872.</span> <span class='ocrx_word' id='word_1_324' title='bbox 970 3912 1068 3981; x_wconf 81' lang='lat' dir='ltr'>praef.)</span> <span class='ocrx_word' id='word_1_325' title='bbox 1086 3912 1127 3966; x_wconf 86' lang='lat' dir='ltr'>ita</span> <span class='ocrx_word' id='word_1_326' title='bbox 1144 3912 1223 3966; x_wconf 90' lang='lat' dir='ltr'>dicit:</span> <span class='ocrx_word' id='word_1_327' title='bbox 1250 3913 1301 3966; x_wconf 80' lang='lat' dir='ltr'>Ich</span> <span class='ocrx_word' id='word_1_328' title='bbox 1319 3913 1387 3967; x_wconf 82' lang='lat' dir='ltr'>habe</span> 
     </span>
     <span class='ocr_line' id='line_1_34' title="bbox 213 3983 1386 4052; baseline 0.001 -16"><span class='ocrx_word' id='word_1_329' title='bbox 213 3985 254 4036; x_wconf 79' lang='lat' dir='ltr'>bei</span> <span class='ocrx_word' id='word_1_330' title='bbox 267 3983 433 4052; x_wconf 62' lang='lat' dir='ltr'>Baeticam</span> <span class='ocrx_word' id='word_1_331' title='bbox 451 3984 499 4036; x_wconf 85' lang='lat' dir='ltr'>der</span> <span class='ocrx_word' id='word_1_332' title='bbox 512 3983 700 4050; x_wconf 73' lang='lat' dir='ltr'>Kayserschea</span> <span class='ocrx_word' id='word_1_333' title='bbox 718 3983 847 4049; x_wconf 76' lang='lat' dir='ltr'>Aaspabe</span> <span class='ocrx_word' id='word_1_334' title='bbox 865 3984 909 4036; x_wconf 78' lang='lat' dir='ltr'>dte</span> <span class='ocrx_word' id='word_1_335' title='bbox 923 3983 1090 4052; x_wconf 69' lang='lat' dir='ltr'>Erfehrerm</span> <span class='ocrx_word' id='word_1_336' title='bbox 1106 3986 1235 4052; x_wconf 70' lang='lat' dir='ltr'>pernoctet,</span> <span class='ocrx_word' id='word_1_337' title='bbox 1254 3985 1318 4037; x_wconf 83' lang='lat' dir='ltr'>dass</span> <span class='ocrx_word' id='word_1_338' title='bbox 1336 3986 1386 4049; x_wconf 73' lang='lat' dir='ltr'>fair</span> 
     </span>
     <span class='ocr_line' id='line_1_35' title="bbox 212 4052 1384 4123; baseline 0 -15"><span class='ocrx_word' id='word_1_339' title='bbox 212 4055 270 4108; x_wconf 75' lang='lat' dir='ltr'>ctae</span> <span class='ocrx_word' id='word_1_340' title='bbox 292 4055 480 4121; x_wconf 72' lang='lat' dir='ltr'>wnbcjaapeae</span> <span class='ocrx_word' id='word_1_341' title='bbox 498 4053 655 4120; x_wconf 75' lang='lat' dir='ltr'>coeptrische</span> <span class='ocrx_word' id='word_1_342' title='bbox 672 4052 860 4122; x_wconf 73' lang='lat' dir='ltr'>Retrachtaap</span> <span class='ocrx_word' id='word_1_343' title='bbox 883 4055 927 4107; x_wconf 80' lang='lat' dir='ltr'>die</span> <span class='ocrx_word' id='word_1_344' title='bbox 944 4053 1109 4122; x_wconf 75' lang='lat' dir='ltr'>Beaatzaap</span> <span class='ocrx_word' id='word_1_345' title='bbox 1133 4057 1204 4108; x_wconf 81' lang='lat' dir='ltr'>eines</span> <span class='ocrx_word' id='word_1_346' title='bbox 1215 4055 1321 4108; x_wconf 84' lang='lat' dir='ltr'>-Tcxtes</span> <span class='ocrx_word' id='word_1_347' title='bbox 1342 4072 1384 4123; x_wconf 77' lang='lat' dir='ltr'>pe·</span> 
     </span>
     <span class='ocr_line' id='line_1_36' title="bbox 212 4124 1386 4189; baseline 0 -11"><span class='ocrx_word' id='word_1_348' title='bbox 212 4126 313 4178; x_wconf 74' lang='lat' dir='ltr'>rodere</span> <span class='ocrx_word' id='word_1_349' title='bbox 335 4125 519 4189; x_wconf 71' lang='lat' dir='ltr'>aweeaamra</span> <span class='ocrx_word' id='word_1_350' title='bbox 542 4125 601 4176; x_wconf 78' lang='lat' dir='ltr'>cuod</span> <span class='ocrx_word' id='word_1_351' title='bbox 619 4125 728 4176; x_wconf 69' lang='lat' dir='ltr'>storeae</span> <span class='ocrx_word' id='word_1_352' title='bbox 746 4124 790 4187; x_wconf 81' lang='lat' dir='ltr'>ist,</span> <span class='ocrx_word' id='word_1_353' title='bbox 808 4124 840 4176; x_wconf 80' lang='lat' dir='ltr'>e&#39;a</span> <span class='ocrx_word' id='word_1_354' title='bbox 858 4124 978 4177; x_wconf 80' lang='lat' dir='ltr'>walchem</span> <span class='ocrx_word' id='word_1_355' title='bbox 997 4124 1055 4176; x_wconf 81' lang='lat' dir='ltr'>ctae</span> <span class='ocrx_word' id='word_1_356' title='bbox 1072 4126 1194 4178; x_wconf 82' lang='lat' dir='ltr'>radicale</span> <span class='ocrx_word' id='word_1_357' title='bbox 1212 4125 1309 4178; x_wconf 79' lang='lat' dir='ltr'>Kritile</span> <span class='ocrx_word' id='word_1_358' title='bbox 1327 4127 1386 4179; x_wconf 75' lang='lat' dir='ltr'>sicle</span> 
     </span>
     <span class='ocr_line' id='line_1_37' title="bbox 211 4194 1385 4264; baseline -0.001 -14"><span class='ocrx_word' id='word_1_359' title='bbox 211 4197 281 4250; x_wconf 84' lang='lat' dir='ltr'>each</span> <span class='ocrx_word' id='word_1_360' title='bbox 304 4197 360 4262; x_wconf 84' lang='lat' dir='ltr'>aas</span> <span class='ocrx_word' id='word_1_361' title='bbox 374 4196 465 4250; x_wconf 78' lang='lat' dir='ltr'>diesen</span> <span class='ocrx_word' id='word_1_362' title='bbox 485 4195 580 4247; x_wconf 82' lang='lat' dir='ltr'>Peakt</span> <span class='ocrx_word' id='word_1_363' title='bbox 603 4194 728 4246; x_wconf 83' lang='lat' dir='ltr'>erstreclet</span> <span class='ocrx_word' id='word_1_364' title='bbox 750 4194 810 4258; x_wconf 77' lang='lat' dir='ltr'>tet,</span> <span class='ocrx_word' id='word_1_365' title='bbox 833 4195 881 4259; x_wconf 69' lang='lat' dir='ltr'>[etr</span> <span class='ocrx_word' id='word_1_366' title='bbox 903 4195 956 4248; x_wconf 80' lang='lat' dir='ltr'>dea</span> <span class='ocrx_word' id='word_1_367' title='bbox 981 4196 1024 4248; x_wconf 81' lang='lat' dir='ltr'>die</span> <span class='ocrx_word' id='word_1_368' title='bbox 1044 4195 1224 4264; x_wconf 75' lang='lat' dir='ltr'>Graadlapea</span> <span class='ocrx_word' id='word_1_369' title='bbox 1247 4203 1300 4249; x_wconf 80' lang='lat' dir='ltr'>eret</span> <span class='ocrx_word' id='word_1_370' title='bbox 1323 4198 1385 4261; x_wconf 84' lang='lat' dir='ltr'>fest·</span> 
     </span>
     <span class='ocr_line' id='line_1_38' title="bbox 211 4264 1385 4335; baseline 0.001 -16"><span class='ocrx_word' id='word_1_371' title='bbox 211 4267 313 4334; x_wconf 79' lang='lat' dir='ltr'>pestetlt</span> <span class='ocrx_word' id='word_1_372' title='bbox 336 4267 442 4320; x_wconf 79' lang='lat' dir='ltr'>werdere</span> <span class='ocrx_word' id='word_1_373' title='bbox 464 4267 567 4320; x_wconf 80' lang='lat' dir='ltr'>solltea.</span> <span class='ocrx_word' id='word_1_374' title='bbox 605 4265 726 4318; x_wconf 84' lang='lat' dir='ltr'>Hiermit</span> <span class='ocrx_word' id='word_1_375' title='bbox 745 4265 802 4317; x_wconf 84' lang='lat' dir='ltr'>will</span> <span class='ocrx_word' id='word_1_376' title='bbox 820 4265 864 4317; x_wconf 75' lang='lat' dir='ltr'>sea</span> <span class='ocrx_word' id='word_1_377' title='bbox 882 4265 1040 4335; x_wconf 78' lang='lat' dir='ltr'>loetaeswepe</span> <span class='ocrx_word' id='word_1_378' title='bbox 1058 4267 1106 4319; x_wconf 83' lang='lat' dir='ltr'>der</span> <span class='ocrx_word' id='word_1_379' title='bbox 1125 4264 1385 4331; x_wconf 78' lang='lat' dir='ltr'>Ooajeetarellc·itile</span> 
     </span>
     <span class='ocr_line' id='line_1_39' title="bbox 211 4335 1385 4406; baseline 0.001 -17"><span class='ocrx_word' id='word_1_380' title='bbox 211 4338 255 4390; x_wconf 77' lang='lat' dir='ltr'>elce</span> <span class='ocrx_word' id='word_1_381' title='bbox 273 4337 359 4391; x_wconf 79' lang='lat' dir='ltr'>Recht</span> <span class='ocrx_word' id='word_1_382' title='bbox 382 4338 535 4402; x_wconf 78' lang='lat' dir='ltr'>bestreitea,</span> <span class='ocrx_word' id='word_1_383' title='bbox 559 4336 629 4388; x_wconf 81' lang='lat' dir='ltr'>auch</span> <span class='ocrx_word' id='word_1_384' title='bbox 652 4337 707 4402; x_wconf 83' lang='lat' dir='ltr'>aas</span> <span class='ocrx_word' id='word_1_385' title='bbox 725 4335 823 4388; x_wconf 78' lang='lat' dir='ltr'>diesem</span> <span class='ocrx_word' id='word_1_386' title='bbox 842 4335 935 4390; x_wconf 83' lang='lat' dir='ltr'>Gebict</span> <span class='ocrx_word' id='word_1_387' title='bbox 955 4353 990 4390; x_wconf 79' lang='lat' dir='ltr'>aa</span> <span class='ocrx_word' id='word_1_388' title='bbox 1008 4338 1146 4406; x_wconf 70' lang='lat' dir='ltr'>operireve,</span> <span class='ocrx_word' id='word_1_389' title='bbox 1170 4352 1249 4390; x_wconf 77' lang='lat' dir='ltr'>scena</span> <span class='ocrx_word' id='word_1_390' title='bbox 1267 4342 1320 4390; x_wconf 85' lang='lat' dir='ltr'>erst</span> <span class='ocrx_word' id='word_1_391' title='bbox 1337 4338 1385 4390; x_wconf 80' lang='lat' dir='ltr'>der</span> 
     </span>
     <span class='ocr_line' id='line_1_40' title="bbox 212 4407 1384 4477; baseline -0.001 -16"><span class='ocrx_word' id='word_1_392' title='bbox 212 4407 452 4477; x_wconf 77' lang='lat' dir='ltr'>Spraclrpebreuch</span> <span class='ocrx_word' id='word_1_393' title='bbox 479 4407 620 4477; x_wconf 65' lang='lat' dir='ltr'>pentecost</span> <span class='ocrx_word' id='word_1_394' title='bbox 649 4407 802 4474; x_wconf 73' lang='lat' dir='ltr'>sestpestcllt</span> <span class='ocrx_word' id='word_1_395' title='bbox 829 4407 877 4470; x_wconf 82' lang='lat' dir='ltr'>ist,</span> <span class='ocrx_word' id='word_1_396' title='bbox 905 4407 970 4460; x_wconf 80' lang='lat' dir='ltr'>aber</span> <span class='ocrx_word' id='word_1_397' title='bbox 998 4409 1069 4462; x_wconf 76' lang='lat' dir='ltr'>nacla</span> <span class='ocrx_word' id='word_1_398' title='bbox 1093 4409 1170 4462; x_wconf 78' lang='lat' dir='ltr'>dana</span> <span class='ocrx_word' id='word_1_399' title='bbox 1191 4408 1259 4460; x_wconf 78' lang='lat' dir='ltr'>noct</span> <span class='ocrx_word' id='word_1_400' title='bbox 1282 4408 1318 4460; x_wconf 80' lang='lat' dir='ltr'>ist</span> <span class='ocrx_word' id='word_1_401' title='bbox 1341 4408 1384 4460; x_wconf 81' lang='lat' dir='ltr'>die</span> 
     </span>
     <span class='ocr_line' id='line_1_41' title="bbox 211 4475 1383 4548; baseline 0.001 -16"><span class='ocrx_word' id='word_1_402' title='bbox 211 4483 311 4546; x_wconf 68' lang='lat' dir='ltr'>praesta</span> <span class='ocrx_word' id='word_1_403' title='bbox 330 4479 531 4534; x_wconf 80' lang='lat' dir='ltr'>Behatsamleee&#39;t</span> <span class='ocrx_word' id='word_1_404' title='bbox 556 4478 739 4544; x_wconf 79' lang='lat' dir='ltr'>erforderle&#39;ch.</span> <span class='ocrx_word' id='word_1_405' title='bbox 778 4475 856 4533; x_wconf 83' lang='lat' dir='ltr'>Conf.</span> <span class='ocrx_word' id='word_1_406' title='bbox 875 4478 971 4532; x_wconf 88' lang='lat' dir='ltr'>Rothii</span> <span class='ocrx_word' id='word_1_407' title='bbox 989 4480 1096 4546; x_wconf 89' lang='lat' dir='ltr'>quaest.</span> <span class='ocrx_word' id='word_1_408' title='bbox 1116 4495 1231 4548; x_wconf 80' lang='lat' dir='ltr'>gramm</span> <span class='ocrx_word' id='word_1_409' title='bbox 1251 4478 1286 4530; x_wconf 89' lang='lat' dir='ltr'>ad</span> <span class='ocrx_word' id='word_1_410' title='bbox 1304 4495 1383 4533; x_wconf 88' lang='lat' dir='ltr'>usum</span> 
     </span>
     <span class='ocr_line' id='line_1_42' title="bbox 212 4548 1225 4620; baseline 0 -17"><span class='ocrx_word' id='word_1_411' title='bbox 212 4549 305 4604; x_wconf 90' lang='lat' dir='ltr'>Plauti</span> <span class='ocrx_word' id='word_1_412' title='bbox 323 4549 499 4617; x_wconf 88' lang='lat' dir='ltr'>potissimum</span> <span class='ocrx_word' id='word_1_413' title='bbox 520 4551 549 4603; x_wconf 88' lang='lat' dir='ltr'>et</span> <span class='ocrx_word' id='word_1_414' title='bbox 568 4548 692 4604; x_wconf 84' lang='lat' dir='ltr'>Terentii</span> <span class='ocrx_word' id='word_1_415' title='bbox 711 4549 870 4617; x_wconf 84' lang='lat' dir='ltr'>spectantes</span> <span class='ocrx_word' id='word_1_416' title='bbox 890 4549 991 4618; x_wconf 84' lang='lat' dir='ltr'>(Berol.</span> <span class='ocrx_word' id='word_1_417' title='bbox 1014 4551 1091 4619; x_wconf 83' lang='grc'>1876)</span> <span class='ocrx_word' id='word_1_418' title='bbox 1110 4569 1135 4620; x_wconf 89' lang='lat' dir='ltr'>p.</span> <span class='ocrx_word' id='word_1_419' title='bbox 1156 4557 1169 4604; x_wconf 91' lang='lat'>1</span> <span class='ocrx_word' id='word_1_420' title='bbox 1185 4567 1225 4618; x_wconf 88' lang='lat' dir='ltr'>sq.</span> 
     </span>
    </p>
   </div>
   <div class='ocr_carea' id='block_1_7' title="bbox 0 0 1688 5266">
    <p class='ocr_par' dir='ltr' id='par_1_7' title="bbox 0 0 1688 5266">
     <span class='ocr_line' id='line_1_43' title="bbox 0 0 1688 5266; baseline 0 2"><span class='ocrx_word' id='word_1_421' title='bbox 0 0 1688 5266; x_wconf 95' lang='lat' dir='ltr'> </span> 
     </span>
    </p>
   </div>
  </div>
 </body>
</html>
