3366 5266
771 361 965 423 ..6,

277 527 384 586 Latino
409 545 544 584 sermone
568 525 662 596 nasci,
695 529 729 583 ut
753 525 887 583 eiusdem
914 524 996 582 illius
1026 525 1198 584 Faceiolatii
1226 525 1326 584 verbis
1350 519 1455 602 utar,¹)

279 615 336 674 sibi
358 615 591 689 persuasissent,
617 614 759 690 quidquid
782 632 888 688 parum
910 633 1015 673 verum
1039 633 1103 673 csse
1127 616 1157 672 in
1180 614 1302 672 traditis
1326 613 1387 672 illis
1410 635 1454 673 re-

277 704 357 779 gulis
384 703 541 778 videbant,
573 705 767 760 correxerunt
790 701 891 776 aliqua
919 723 955 760 ex
983 706 1069 778 parte
1103 706 1192 778 atque
1222 698 1455 784 emendarunt.²)

278 792 488 868 imprimisque
507 791 681 850 Lievenium
705 791 876 866 nuperrime
899 793 962 849 tam
985 795 1122 850 accurate
1146 793 1181 850 de
1205 792 1260 850 hac
1283 810 1316 848 re
1340 794 1457 865 quaesi-

278 882 357 940 visse
380 881 456 938 dixit
477 880 696 954 AndreseniuS,
726 882 761 937 ut
789 879 971 954 singularem
994 880 1026 937 in
1051 881 1169 956 syntaxi
1188 879 1297 938 Latina
1319 899 1456 957 progres-

279 971 391 1029 sionem
414 969 524 1028 factam
548 987 612 1028 esse
636 960 830 1047 appareret.³)

368 1058 432 1134 Ego
464 1075 535 1122 virro
565 1057 622 1116 etsi
648 1077 708 1116 non
746 1057 859 1115 infitior
886 1059 1029 1132 pleraque
1057 1059 1095 1115 ab
1129 1058 1192 1116 illis
1225 1062 1304 1118 recte
1333 1061 1458 1120 tractari

279 1149 385 1222 coepta
409 1166 482 1222 esse,
506 1149 607 1204 tamen
626 1164 740 1218 vereor,
763 1165 801 1204 ne
815 1147 864 1204 vel
888 1146 930 1204 sic
949 1147 1091 1221 permulti
1115 1146 1172 1204 loci
1191 1151 1314 1222 restent,
1333 1150 1457 1224 quinon

280 1237 353 1296 satis
373 1235 522 1312 ,illustrati
550 1253 616 1294 esse
644 1234 811 1293 videantur.
868 1233 913 1292 Ac
936 1235 1114 1294 deliberanti
1141 1235 1216 1294 mihi
1244 1255 1456 1312 saepenumero

281 1327 311 1383 in
335 1343 369 1383 eo
392 1324 581 1399 potissimum
605 1324 736 1381 omnium
771 1342 903 1381 errorum
928 1324 994 1382 fons
1019 1327 1049 1381 ct
1072 1343 1162 1382 causa
1184 1325 1283 1400 posita
1307 1345 1371 1386 esse
1394 1327 1459 1385 visa

282 1417 340 1488 est,
369 1412 447 1487 quod
471 1415 641 1488 temporum
675 1413 911 1471 consecutionem
943 1411 1018 1469 illud
1046 1412 1179 1486 efficere,
1208 1416 1242 1470 ut
1269 1417 1405 1490 tempora
1427 1416 1459 1472 in

282 1501 470 1561 coniunctivo
486 1501 709 1560 enuntiatorum
729 1500 971 1559 secundariorum
994 1520 1052 1559 non
1072 1501 1152 1559 omni
1171 1521 1206 1559 ex
1224 1506 1311 1576 parte
1334 1504 1457 1562 eandem

281 1591 343 1650 vim
365 1589 527 1665 retineant,
552 1579 641 1664 quani
664 1589 696 1646 in
718 1589 879 1648 indicativo
903 1590 1027 1661 habent,
1058 1589 1110 1648 sed
1133 1590 1197 1648 sola
1218 1592 1304 1649 verbi
1326 1593 1458 1667 regentis

282 1681 381 1739 forma
404 1678 595 1752 definiantur,
619 1677 754 1753 plerique
778 1670 975 1756 opinantur.4)
1022 1677 1108 1746 Quod
1133 1679 1252 1753 quidem
1277 1680 1369 1740 indoli
1394 1699 1458 1739 ora·
1492 1749 1497 1754 g

282 1769 372 1827 tionis
396 1766 535 1842 Latinae,
564 1785 624 1841 qua
646 1767 760 1826 nullam
789 1766 875 1824 facile
904 1765 1078 1841 diligentius
1107 1767 1232 1826 rationis
1260 1768 1343 1844 leges
1375 1769 1459 1844 sequi

282 1859 361 1916 inter
381 1875 482 1914 omues
498 1857 624 1928 const-at,
643 1855 765 1912 minime
780 1853 937 1913 convenire
962 1854 1028 1930 quis
1048 1857 1095 1913 est
1109 1857 1181 1930 quin
1203 1856 1323 1917 videat?
1363 1856 1460 1926 Quare

284 1948 339 2004 hoc
368 1945 510 2020 exemplis
535 1945 608 2002 satis
627 1944 730 2002 multis
750 1943 954 2002 demonstrare
972 1944 1098 2018 institui,
1123 1945 1350 2020 singulorum
1373 1950 1459 2006 tern-

283 2053 408 2110 porum
441 2034 511 2092 vim
539 2036 647 2108 atque
683 2031 997 2108 significationem
1032 2033 1178 2090 eandem
1212 2053 1289 2093 esse
1322 2036 1393 2092 tarn
1425 2035 1460 2092 in

284 2123 486 2182 indicativo
511 2140 612 2196 quam
635 2120 673 2178 in
697 2119 942 2196 coniunctivo,
962 2121 1014 2178 ita
1037 2124 1087 2197 ut,
1109 2141 1173 2192 pur
1192 2122 1354 2198 quodque
1373 2128 1460 2182 tem-

284 2231 352 2288 pus
375 2211 534 2286 positum
558 2212 667 2282 essct,
698 2228 766 2267 non
790 2229 829 2266 ex
853 2213 953 2268 certa
975 2210 1129 2284 quadam
1153 2211 1357 2286 stabilique
1380 2231 1461 2272 con-

286 2301 488 2371 secutione,
512 2298 572 2357 sed
597 2317 637 2370 en
659 2298 819 2374 genuina
841 2297 1015 2373 cuiusque
1038 2298 1073 2357 vi
1095 2298 1269 2374 intellegi
1298 2300 1461 2374 deberet,

286 2392 397 2465 utque
420 2388 523 2446 nulla
547 2391 656 2460 esset,
681 2387 903 2460 siaccurate
919 2385 1137 2460 diceremus,
1161 2390 1360 2462 temporum
1384 2408 1462 2448 con-

287 2478 439 2538 secutio.
463 2507 506 2518 -

378 2566 453 2625 Cum
475 2565 581 2630 modus
605 2564 785 2622 indicativus
810 2562 922 2638 aliquid
946 2583 1011 2622 csse
1034 2563 1158 2637 indicet,
1182 2565 1386 2625 coniunctivae
1410 2568 1464 2626 hoc

287 2655 449 2731 significat,
482 2653 662 2728 cogitatione
701 2652 774 2728 fingi
806 2648 926 2727 aliquid
954 2671 1028 2712 esse.
1083 2653 1165 2712 Haec
1193 2657 1294 2712 autem
1322 2655 1463 2730 cogitatio

287 2748 341 2803 aut
364 2744 426 2804 eius
451 2744 505 2814 est,
530 2741 581 2817 qui
604 2742 746 2816 loquitur,
769 2743 823 2798 aut
846 2741 923 2813 eiua,
948 2741 998 2816 qni
1022 2741 1052 2800 in
1076 2743 1229 2800 enuntiato
1252 2743 1393 2818 primario
1416 2745 1464 2802 vel

286 2831 481 2909 grammatice
504 2831 552 2889 vel
575 2831 679 2905 logice,
702 2833 737 2888 ut
760 2831 852 2901 aiunt,
881 2829 1008 2888 subiecti
1031 2831 1128 2888 locum
1147 2831 1269 2890 obtinet.
1316 2831 1463 2906 Sequitur,

287 2925 322 2980 ut
346 2923 403 2979 duo
428 2920 487 2978 sint
515 2938 625 2995 genera
648 2919 870 2977 enuntiatorum
894 2918 1089 2996 pendentium
1112 2918 1141 2976 in
1172 2919 1358 2979 coniunctivo
1386 2921 1464 2997 posi-

288 3015 397 3083 torum,
421 3010 548 3067 alterum
573 3027 689 3079 eorum,
713 3026 789 3082 quae
812 3006 1024 3082 cogitationem
1048 3007 1126 3080 eius,
1150 3008 1201 3082 qui
1223 3009 1376 3083 loquitur,
1390 3009 1465 3066 indi-

289 3102 365 3171 cant,
389 3100 517 3156 alterurn
542 3115 658 3172 eorum,
688 3115 764 3171 quae
794 3095 920 3154 subiecti
948 3096 1096 3177 enuntiati
1123 3097 1258 3172 primarii
1286 3098 1465 3156 sententiam

290 3187 446 3262 effingunt.

364 3377 389 3438 1)
409 3372 530 3428 Facciol.
550 3375 619 3426 orat.
640 3390 667 3441 p.
688 3378 728 3425 11.

361 3447 388 3512 2)
409 3446 438 3498 ln
458 3461 513 3511 quo
532 3460 647 3497 numero
668 3443 838 3511 singularem
858 3441 981 3510 aliquem
1000 3443 1092 3496 locum
1109 3442 1219 3498 obtinet
1232 3443 1465 3510 Kramarcaikius,

292 3516 370 3570 cuius
389 3515 423 3569 de
443 3515 496 3568 hac
514 3531 544 3568 re
564 3513 691 3568 libellum
711 3531 728 3566 a
743 3512 943 3567 recentioribus
957 3513 1115 3581 ignoratum
1130 3531 1189 3568 esse
1202 3515 1284 3569 valde
1300 3515 1399 3568 mirum
1415 3521 1466 3569 est.

292 3586 404 3640 Etenim
419 3585 573 3639 Reuscbius
588 3585 653 3653 (Zur
668 3585 758 3638 Lehre
773 3600 828 3637 von
843 3584 892 3637 der
906 3583 1112 3652 Tempusfolge.
1146 3585 1241 3654 Progr.
1257 3585 1367 3655 Elbing.
1387 3588 1465 3654 1861)

293 3659 321 3712 ct
340 3657 487 3713 Lievenius
512 3657 546 3710 de
570 3656 622 3722 eis,
646 3673 717 3722 quae
741 3653 796 3723 ipsi
819 3654 957 3708 invenisse
979 3655 1033 3708 sibi
1051 3656 1192 3722 videntur,
1217 3656 1274 3709 iam
1292 3657 1372 3709 illum
1391 3660 1465 3711 recte

291 3727 429 3784 iudicasse
465 3727 599 3781 nesciunt.
647 3727 740 3779 Tanta
773 3727 866 3779 autem
899 3725 996 3778 iudicii
1030 3725 1187 3780 subtilitate
1223 3731 1306 3794 etque
1340 3728 1466 3781 acumine

292 3802 426 3865 tantaque
450 3798 585 3852 erationis
605 3797 721 3850 Latinae
745 3795 940 3864 intellegentia
962 3795 1074 3850 libellus
1097 3797 1145 3850 illc
1165 3798 1337 3866 conscriptus
1357 3802 1412 3865 cst,
1436 3802 1467 3851 ut

295 3887 327 3924 eo
347 3870 407 3923 solo
427 3869 514 3935 lecto,
534 3867 600 3936 quid
620 3868 654 3920 de
673 3866 869 3921 consecutione
888 3871 1047 3935 temporum
1066 3868 1168 3922 Latina
1187 3869 1366 3922 iudicandum
1385 3874 1466 3936 esset,

294 3941 369 4010 apud
388 3940 511 3994 animum
530 3957 623 3993 meum
639 3937 832 3992 constituerim
851 3939 888 4002 et,
907 3940 1056 4005 postquam
1075 3942 1182 3993 ceteros
1199 3939 1272 4006 illos,
1295 3939 1395 4006 quide
1414 3941 1467 3994 hac

294 4029 324 4065 re
344 4011 413 4065 editi
433 4014 505 4077 sunt,
524 4010 611 4065 libros
629 4008 757 4074 adierim,
778 4007 849 4060 nihil
867 4007 925 4062 fere
944 4009 1125 4076 mutaverim,
1143 4027 1284 4078 perpauca
1303 4010 1466 4066 addiderim.

367 4084 395 4149 3)
415 4081 575 4136 zeitschrift
592 4081 636 4133 fiir
655 4079 704 4132 das
723 4077 985 4148 Gymnasialwcsen.
1015 4086 1092 4134 1873.
1110 4091 1144 4149 p.'
1158 4087 1217 4135 372.
1241 4081 1243 4084 ’

366 4153 393 4220 4)
412 4153 488 4206 Haec
518 4150 654 4206 sententia
683 4167 700 4204 a
727 4147 875 4204 Gessravio
904 4149 974 4216 (Lat.
1005 4149 1130 4219 Sprachl.
1158 4150 1357 4221 Quodlinburg.
1389 4157 1466 4221 1869)

295 4223 413 4278 maxime
437 4224 557 4292 probata
580 4224 608 4276 et
631 4237 717 4289 usquc
742 4220 777 4274 ad
802 4223 956 4274 extremum
980 4222 1116 4289 perducta
1134 4227 1184 4278 est.
1221 4222 1375 4291 Distinguit
1393 4223 1467 4276 enim

295 4311 351 4348 non
370 4293 538 4362 praesentis,
562 4291 732 4361 imperfecti,
755 4289 888 4360 perfecti,
906 4291 1172 4360 plusquamperfecti
1191 4292 1395 4360 commotivos,
1419 4295 1467 4348 sed

296 4363 415 4420 actionis
442 4364 621 4433 imperfectae
644 4365 674 4416 et
696 4361 814 4415 actionis
837 4361 978 4430 perfectae
1001 4364 1060 4417 tam
1084 4364 1274 4418 coniunctivos
1298 4381 1381 4432 quam
1404 4366 1467 4419 sub·

295 4435 440 4490 iunetivos.
482 4436 553 4500 (Der
577 4434 740 4499 Oonjanctio
769 4433 876 4497 eersdllt
901 4433 932 4486 111
959 4435 1023 4488 rwcr'
1047 4435 1147 4500 Arica,
1176 4437 1235 4490 aad
1253 4435 1316 4501 jede
1338 4436 1394 4489 Art
1420 4437 1468 4491 but

296 4508 393 4560 wieder
411 4508 476 4560 rwei
494 4506 627 4571 Formca,
646 4505 694 4559 bet
712 4505 777 4558 eber
794 4503 856 4557 tciri
878 4503 1001 4572 Tempus.
1034 4522 1061 4573 p.
1082 4511 1142 4560 157.
1162 4506 1233 4562 conf.
1252 4524 1280 4574 p.
1299 4511 1350 4560 435
1366 4507 1418 4575 sq.)
