3366 5266
698 395 734 406 -
783 361 914 424 49.-

219 546 296 604 quae
313 527 382 585 inde
401 525 510 585 abillo
529 528 663 600 tempore
682 526 807 601 vulgata
824 526 912 584 lectio
932 529 986 586 est.
1019 527 1192 587 Tenuerunt
1215 530 1292 588 enim
1317 549 1391 604 eam,

218 616 297 692 quod
321 634 376 691 ego
400 615 500 688 sciam,
523 632 625 672 omnes
649 614 787 688 editores,
809 619 844 674 ut
866 613 1053 689 Goerenzius,
1072 616 1219 691 Halmius,
1243 617 1391 690 Baiterus,

218 705 365 777 Klotzius,
395 703 520 775 Bakius,
549 703 794 778 Feldhuegelius,
822 703 880 762 nisi
908 705 987 779 quod
1010 703 1175 765 Vahlenius
1198 706 1230 764 in
1253 707 1391 781 editione,

218 813 307 870 quam
330 812 426 868 nuper
449 792 591 864 instituit,
620 791 879 866 praestantissima
906 793 1047 851 traditam
1076 795 1209 853 codicum
1232 797 1391 854 lectionem

218 886 328 958 tuetur,
351 883 466 941 nullam
484 883 593 955 tamen,
613 899 665 939 cur
683 881 727 939 ita
745 881 856 952 fecerit,
881 879 1001 940 rausum
1020 883 1115 941 affert.
1153 882 1183 940 Si
1203 885 1270 959 quis
1289 887 1391 943 autem

217 972 295 1032 forte
319 971 438 1041 dixerit,
466 969 791 1044 plusquamperfectum
821 969 858 1027 ob
886 969 916 1027 id
944 970 1042 1045 ipsum
1065 972 1267 1030 necessarium
1290 973 1391 1049 fuisse,

217 1061 297 1136 quod
319 1061 393 1118 haec
415 1071 463 1117 res
486 1057 650 1133 praeterita
667 1059 863 1117 antecesserit
885 1058 972 1117 alteri
996 1059 1040 1116 illi
1062 1060 1251 1134 praeteritae,
1275 1081 1389 1133 monce,

218 1149 250 1207 id
273 1149 353 1224 quod
376 1145 553 1206 Sohaefcrus
561 1139 585 1228 ¹)
610 1146 839 1222 demonstravit,
867 1146 990 1205 Latinos
1019 1147 1137 1223 saepius
1165 1150 1305 1224 perfectis
1336 1169 1390 1224 pro

218 1236 519 1312 plusquamperfectis
542 1236 585 1294 ita
607 1236 665 1308 uti,
693 1238 728 1293 ut
750 1255 814 1294 rem
836 1236 1043 1310 praeteritam,
1072 1255 1144 1309 non,
1174 1242 1209 1297 ut
1239 1242 1391 1314 exspecta·

217 1326 310 1400 veris,
340 1326 377 1384 ad
400 1325 527 1382 alteram
549 1323 754 1399 praeteritam,
784 1323 837 1383 sed
864 1325 902 1382 ad
931 1343 1014 1384 suam
1042 1326 1228 1400 loquentium
1259 1331 1391 1386 aetatem

218 1416 401 1474 revocarent.
438 1413 474 1472 de
497 1413 556 1488 leg.
578 1413 622 1483 II,
646 1414 702 1471 48:
726 1413 865 1486 Exposita
892 1413 962 1472 leuco
988 1415 1057 1472 iura
1073 1416 1246 1487 pontificum
1269 1419 1391 1475 ductui-

217 1508 273 1562 tute
292 1507 480 1562 consecuto
497 1506 593 1568 suut,
612 1506 645 1560 ut
661 1519 698 1560 ue
715 1507 805 1560 ruorte
817 1504 917 1575 putris
934 1503 1066 1574 familias
1083 1520 1234 1562 surorum
1251 1507 1391 1564 memmio

217 1593 403 1658 occideret,
431 1593 469 1650 tis
498 1595 614 1650 esseut
636 1607 670 1649 co
693 1591 840 1658 adiuncto,
864 1593 904 1649 ud
926 1609 996 1663 quos
1018 1593 1144 1651 eiusdem
1161 1597 1250 1651 morte
1262 1596 1390 1666 penante

215 1683 358 1740 acuerit.
404 1677 469 1748 Quo
496 1675 690 1738 loco'Cicero
718 1679 744 1737 si
772 1682 850 1738 uouit
876 1679 1057 1754 scripsisset,
1087 1680 1124 1739 de
1152 1681 1241 1740 certis
1270 1678 1389 1757 quibus-

216 1771 284 1828 dam
311 1769 447 1845 personis
478 1768 652 1843 cogitasset,
680 1768 705 1826 si
731 1770 866 1834 rccuset,
898 1785 957 1827 nou
985 1787 1082 1844 suam,
1112 1769 1165 1828 sed
1192 1789 1307 1844 eorum,
1338 1772 1389 1846 qui

215 1859 289 1916 illud
312 1857 517 1933 inst'tuerunt,
540 1855 751 1932 cogitationem
775 1857 979 1932 expressisset
1015 1857 1055 1915 ib.
1079 1857 1117 1930 II,
1143 1860 1197 1917 64:
1226 1861 1285 1932 loys
1307 1877 1389 1918 sare·
1459 1847 1461 1854 ¹

216 1951 307 2006 cturu
330 1952 392 2013 est,
422 1964 459 2004 uc
481 1948 546 2018 quis
568 1946 749 2018 sepulchrum
771 1948 879 2018 feruet
900 1949 1059 2018 operosius,
1089 1965 1176 2019 quoru
1199 1949 1274 2020 prod
1296 1949 1390 2007 decern

214 2037 342 2094 hommes
365 2034 556 2108 offecerint
577 2035 681 2094 triduo.
709 2035 747 2092 ad
766 2034 835 2093 fam.
855 2034 922 2110 XII,
944 2036 993 2110 14,
1012 2037 1046 2093 4:
1066 2035 1210 2109 Quoniam
1227 2039 1390 2097 consulibus

215 2125 328 2183 decreto
356 2129 396 2182 cst
417 2122 494 2182 Asia
517 2128 543 2182 et
558 2126 771 2196 permissum
794 2128 835 2182 est
856 2125 907 2190 its,
929 2128 970 2190 ut,
994 2125 1072 2182 dum·
1086 2127 1143 2198 ipsi
1165 2127 1306 2192 venirent,
1330 2127 1390 2184 du·

215 2218 293 2272 reut
320 2214 477 2286 nepotum,
507 2214 557 2285 qui
583 2209 690 2270 Astura
717 2213 908 2278 obtineant,
936 2230 1005 2285 rope
1032 2217 1057 2271 tc
1084 2217 1132 2270 oet.
1180 2213 1243 2272 Hoc
1272 2234 1389 2290 quoque

214 2302 292 2374 loeo,
325 2301 350 2360 si
382 2303 508 2360 obtineret
540 2300 684 2376 scriptum
718 2303 809 2372 esset,
844 2302 942 2359 certae
972 2319 1117 2376 personae
1147 2301 1329 2374 dicerentur,
1365 2304 1390 2362 si

216 2393 384 2458 obtinerunt,
408 2389 551 2466 cogitatio
573 2389 825 2464 permittentium,
848 2407 906 2447 non
931 2388 1094 2463 Ciceronis,
1119 2383 1353 2470 effingeretur.²)

695 2546 907 2554 --—...-—-—

305 2657 463 2732 Reliquam
485 2655 574 2713 huius
599 2655 635 2713 de
659 2656 865 2714 consecutione
888 2658 1055 2730 temporum
1075 2654 1267 2716 Ciceroniana
1290 2657 1390 2732 dispu-

215 2745 337 2804 tationis
360 2747 490 2819 partem,
510 2762 594 2819 ¹quae
618 2747 664 2802 est
687 2744 723 2802 de
746 2745 854 2803 ceteris
878 2744 1100 2803 enuntiatorum
1127 2746 1301 2820 generibus,
1332 2746 1390 2804 etsi

215 2835 371 2893 materiem
394 2834 547 2891 collectam
570 2833 680 2905 habe0,
704 2833 878 2892 elucubrare
901 2835 1002 2891 tamen
1026 2833 1122 2893 adhuc
1143 2853 1198 2908 per
1221 2838 1389 2909 temporum

215 2923 370 2997 angustias
394 2920 468 2978 mihi
495 2940 553 2979 non
576 2922 673 2996 licuit,
702 2922 754 2979 sed
777 2922 995 2996 cumprimum
1018 2925 1136 2996 tempus
1161 2923 1251 2996 feret,
1278 2923 1389 2998 publici

214 3011 289 3069 iuris
313 3011 428 3070 faciam.

287 3183 313 3248 1)
331 3179 350 3234 l.
371 3196 394 3235 o.
413 3181 515 3248 (progr.
535 3179 657 3235 Maserit.
679 3182 766 3249 l.8⁷4·)

283 3254 311 3318 2)
330 3249 430 3305 Confer
444 3250 479 3303 de
498 3250 626 3305 hocloco
645 3251 756 3306 Lieven.
777 3250 793 3304 l.
810 3267 832 3304 c.
852 3269 879 3319 p.
900 3256 942 3303 34.
953 3280 986 3288 —
997 3249 1128 3304 Ceterum
1146 3249 1263 3304 eundem
1279 3266 1387 3318 reprae-

213 3319 380 3375 sentationis
398 3320 427 3375 in
446 3321 605 3376 huiusmodi
618 3322 771 3376 enuntiatis
789 3339 870 3374 usum
889 3320 964 3390 apud
982 3321 1088 3390 priscos
1108 3321 1254 3390 scriptores
1273 3321 1388 3375 Latinos

212 3391 377 3446 invenimus.
416 3390 517 3445 Confer
534 3393 625 3447 Plaut.
646 3393 743 3448 Pseud.
765 3397 830 3446 795:

373 3479 448 3550 Quin
466 3482 498 3534 ob
517 3498 575 3535 eum
593 3497 649 3534 reru
669 3481 754 3534 Orcus
773 3483 890 3549 recipere
908 3482 945 3534 od
962 3497 989 3535 se
1007 3482 1079 3534 tuuc
1097 3483 1222 3547 uoluit,

377 3551 413 3604 Ut
430 3557 513 3606 esset
530 3554 587 3618 tio,
605 3553 654 3621 qut
671 3553 787 3606 mortuis
806 3567 899 3607 cenum
918 3551 1044 3621 coquat.

212 3639 288 3695 Asin.
308 3646 373 3694 443:

256 3730 331 3783 Num
349 3728 462 3783 retineri
479 3728 611 3796 (uitat),
630 3733 674 3793 ut,
693 3729 765 3797 quod
782 3729 829 3782 sit
846 3729 900 3782 sibi
923 3730 1012 3796 operis
1031 3730 1160 3793 locatum,
1179 3729 1343 3794 efficeret.

213 3818 273 3873 Ter.
294 3818 379 3870 Andr.
399 3822 463 3870 947:

302 3907 384 3959 More
401 3906 540 3959 homiuum
559 3907 679 3970 evenit,
698 3911 741 3970 ut,
760 3907 833 3974 quod
846 3907 905 3960 stur
924 3912 1042 3961 unctus
1060 3907 1141 3971 uzali,

303 3976 390 4030 Prius
408 3977 611 4030 rescisceres
629 3982 674 4041 tu,
692 3994 773 4045 quoru
792 3993 839 4045 epo
857 3978 941 4043 illud,
960 3978 1033 4046 quod
1051 3977 1102 4030 titi
1120 3978 1219 4042 secuit,
1239 3977 1311 4031 boui.

213 4065 313 4121 Confer
331 4065 365 4119 de
384 4063 429 4118 his
446 4063 516 4118 locis
535 4064 668 4120 ltothium
687 4067 704 4118 l.
725 4083 747 4119 c.
767 4083 794 4133 p.
815 4070 838 4120 8.

589 4347 670 4352 —..-
691 4336 860 4364 ..-w
913 4333 919 4344 ¹

265 4625 383 4670 warren,
399 4625 516 4666 Consonat.
530 4630 656 4674 temporum
672 4627 826 4668 Ciceroniana.
