3366 5266
696 388 959 450 ..q--

207 553 319 612 fectum
345 555 468 627 propter
495 552 685 628 relationem,
713 570 803 627 quam
829 552 922 610 habet
949 552 986 610 ad
1014 551 1096 610 aliud
1125 552 1266 626 quiddam
1294 572 1379 626 prae-

206 642 332 700 teritum
355 634 410 722 (sc.
438 644 599 716 antequam
625 641 657 698 in
685 640 822 700 exsilium
845 639 972 716 profecti
995 633 1112 718 sumus)
1136 644 1216 700 esset
1238 642 1378 716 positum.

206 751 235 806 p.
267 728 348 789 Cael.
378 732 434 788 62:
463 729 524 788 Cur
551 732 627 788 enim
649 732 833 803 potissimum
861 731 979 788 balneus
1006 731 1143 802 publices
1175 733 1379 789 constituerat?

205 816 239 876 'ia
260 819 364 892 quiden
386 837 445 876 non
466 821 609 876 inuenio
631 836 705 891 qnae
728 820 839 878 latebra
861 821 963 891 togatis
985 819 1148 877 dominibus
1170 836 1230 876 csse
1247 825 1378 891 posset.
1411 872 1415 878 .

207 907 272 966 Hoc
302 908 366 966 loco
398 907 463 966 iure
495 907 703 982 imperfectum
735 925 802 964 cum
833 906 985 980 praesenti
1017 906 1208 965 coniunctum
1246 925 1311 966 csse
1334 907 1380 966 ¹et

208 988 459 1076 Kramarcziki01)
488 999 519 1054 et
545 994 576 1054 C.
599 995 638 1052 Fr
657 994 693 1054 G.
716 986 893 1073 Muellerol)
920 995 1048 1054 videtur.
1095 995 1136 1053 Et
1164 1015 1236 1055 vero
1264 989 1379 1068 ‘posset'

164 1123 168 1128 -
208 1083 339 1157 (nane)
367 1085 499 1158 positum
527 1087 573 1142 est
600 1087 723 1159 propter
750 1084 928 1142 relationem
955 1085 992 1142 ad
1016 1084 1163 1143 actionem
1185 1085 1380 1158 praeteritam

207 1173 417 1232 constituendi.
464 1173 575 1232 Eadem
599 1171 663 1230 sine
686 1172 775 1231 dubio
798 1171 915 1230 ratione
939 1172 1144 1248 explicandum
1168 1176 1215 1232 est
1237 1172 1319 1232 Lael.
1345 1176 1378 1232 2:

207 1261 404 1320 Meministi
437 1263 512 1320 enim
534 1262 672 1334 profecto.
701 1260 811 1328 Attice,
840 1265 866 1319 et
893 1278 923 1318 eo
950 1264 1056 1334 magis,
1090 1263 1165 1334 quod
1191 1262 1225 1318 P.
1250 1255 1404 1334 Snlqricio'

207 1352 323 1409 uictore
344 1351 475 1415 multum,
499 1367 563 1408 cum
586 1353 612 1408 is
635 1351 879 1422 tribunusplebis
902 1350 1021 1422 capitoli
1044 1351 1107 1408 odio
1131 1369 1158 1408 a.
1183 1350 1214 1424 Q.
1233 1350 1378 1423 Pompeio,

208 1442 257 1512 qui
275 1443 338 1496 lum
357 1443 418 1496 erut
437 1439 544 1504 consul,
562 1431 724 1504 'dissideret
748 1456 868 1510 quocum
888 1441 1114 1496 coniunctissime
1133 1443 1159 1496 ei
1182 1441 1380 1498 amantissime
1414 1472 1425 1482 ··

207 1531 327 1594 cinnat,
351 1531 461 1599 quantu
484 1527 573 1586 osset
594 1527 741 1584 hominum
763 1528 807 1584 ccl
830 1529 984 1586 admiralio
1007 1528 1051 1584 ccl
1074 1529 1196 1599 querela.
1238 1528 1379 1586 Relatum

208 1619 254 1674 est
287 1615 365 1674 enim
398 1619 469 1674 esset
504 1615 542 1673 ad
579 1615 725 1673 actionem
762 1615 957 1690 praeteritam
993 1615 1165 1675 dissidendi.
1218 1615 1380 1691 Perperam

207 1704 358 1763 Petersiue
387 1705 595 1762 attractionem
624 1703 773 1777 quandam
801 1707 970 1778 temporum
993 1704 1037 1763 ita
1062 1705 1172 1762 factam
1196 1707 1379 1779 computat,

206 1797 241 1851 ut
272 1795 396 1867 propter
427 1791 605 1868 interposita
636 1796 772 1866 tempora
803 1793 968 1866 praeterita
1004 1792 1131 1867 denique
1169 1793 1260 1851 etiam
1297 1813 1381 1869 prae-

207 1881 331 1940 teritum
355 1885 474 1956 tempus
498 1879 678 1939 coniunctivi
701 1886 770 1940 esset
794 1873 978 1960 sequatu1·.³)

296 1970 386 2028 Errat
408 1969 502 2045 igitur
525 1969 710 2044 Madvigius,
738 1989 805 2028 oum
832 1972 932 2029 reatae
954 1969 1185 2045 interrogationi
1209 1971 1321 2044 Quanto
1349 1975 1381 2030 in

206 2060 311 2117 leuno-rc
341 2061 454 2118 musica
489 2059 568 2131 opud
601 2057 728 2117 Graecos
763 2060 860 2117 erut?
907 2057 1060 2133 obliquam
1091 2058 1169 2117 hanc
1200 2062 1380 2135 respondere

208 2147 298 2206 dicit:
321 2147 392 2221 Quis
409 2149 505 2214 nescit,
529 2152 635 2220 quanto
653 2149 685 2206 in
707 2148 812 2205 honore
834 2149 946 2205 musica
969 2148 1048 2220 opud
1068 2146 1195 2206 Graecos
1218 2141 1381 2228 scorrer)

208 2236 272 2294 Hoc
300 2236 438 2312 equidem
466 2236 605 2308 concedo,
633 2254 669 2294 ea
697 2236 863 2308 enuntiata,
895 2235 1057 2310 inquibus
1081 2235 1289 2310 imperfectum
1312 2241 1380 2312 post

205 2343 348 2399 praesens
371 2324 557 2398 inveniatur,
580 2324 735 2384 rarissima
758 2343 837 2396 esse,
860 2327 1044 2383 nontamen
1066 2326 1304 2400 grammaticam,
1329 2327 1381 2385 sed
1414 2381 1415 2384 ,

206 2416 345 2471 naturam
387 2413 604 2471 sententiarum
640 2413 796 2488 impedire,
838 2413 995 2488 quominus
1032 2399 1150 2488 saepius
1189 2419 1380 2491 usurpentur,

207 2502 333 2561 affirmo.
369 2501 482 2578 Agitur
501 2503 578 2559 enim
597 2502 739 2577 cogitatio
758 2520 915 2576 praesens;
936 2501 1076 2576 quoniam
1095 2506 1196 2560 autem
1214 2503 1380 2577 perfectum

208 2591 245 2648 ab
273 2591 447 2664 imperfecto
475 2591 531 2648 hac
558 2609 591 2648 re
619 2591 782 2666 discrepat,
816 2591 894 2666 quod
926 2591 983 2649 hoc
1014 2591 1161 2649 actionem
1192 2591 1230 2648 ad
1262 2592 1380 2666 tempus

208 2679 413 2753 praeteritum·
429 2679 616 2738 referendam
639 2697 705 2737 esse
728 2679 848 2750 indicat,
873 2679 948 2737 illud
973 2679 1061 2738 simul
1085 2682 1209 2739 eventus
1234 2680 1305 2755 eius,
1329 2680 1381 2755 qui

173 2843 177 2847 ῃ
208 2770 253 2825 est
283 2769 434 2842 praesenti
463 2772 610 2843 tempore,
638 2768 786 2826 rationem
808 2768 909 2842 habet,
933 2767 1082 2842 sequitur,
1109 2774 1156 2839 ut,
1185 2768 1211 2825 si
1234 2768 1381 2827 actionem

206 2856 255 2915 vel
282 2875 359 2931 rem,
387 2875 463 2932 quae
492 2855 662 2931 praeteriit,
691 2876 768 2916 nunc
796 2857 936 2933 cogitem,
972 2857 1010 2914 ad
1038 2859 1178 2915 eventum
1205 2857 1381 2932 plerumque

208 2937 381 3026 spectem.⁵)

752 3067 782 3144 §-
806 3073 834 3128 2.

297 3195 328 3253 Si
356 3194 498 3270 cogitatio
527 3195 652 3253 subiecti
681 3192 815 3268 primarii
848 3194 888 3251 in
911 3193 1109 3268 praeteritum
1142 3198 1260 3268 tempus
1292 3195 1380 3267 cadit,

207 3285 414 3360 imperfectum
452 3276 514 3360 (vel
551 3282 875 3358 plusquamperfectum
907 3283 926 3341 i.
959 3301 983 3342 e.
1014 3283 1223 3357 imperfectum
1256 3283 1381 3357 perfecti

208 3374 271 3433 sive
300 3372 425 3432 actionis
452 3363 618 3452 perfectae)
645 3371 813 3429 adhibetur.
860 3372 960 3446 Atque
990 3390 1056 3429 cum
1080 3390 1115 3428 ex
1137 3374 1273 3447 tempore
1296 3373 1381 3430 verbi

208 3461 340 3538 regentis
363 3461 500 3536 intellegi
523 3461 632 3534 soleat,
660 3462 762 3517 utrum
785 3460 839 3517 illa
862 3460 1016 3536 cogitatio,
1040 3460 1148 3535 quippe
1172 3479 1248 3534 quae
1272 3460 1381 3520 actioni

208 3551 299 3610 verbo
313 3549 432 3625 regenti
445 3549 592 3608 indicatae
607 3549 747 3606 adiuncta
761 3549 809 3621 sit,
828 3548 865 3606 ad
879 3549 1076 3622 praeteritum
1091 3553 1209 3622 tempus
1224 3549 1382 3607 referenda

209 3639 248 3698 sit
276 3658 381 3711 necne,
410 3637 629 3697 coniunctivum
652 3636 823 3710 imperfecti
846 3640 877 3695 et
898 3637 1184 3712 plusquamperfecti
1207 3639 1275 3712 post
1297 3658 1382 3712 prae-

208 3727 300 3787 terita
322 3727 392 3804 poni
421 3729 489 3801 apte
520 3727 582 3784 fere
613 3721 729 3784 dicitur.
778 3725 885 3799 Itaque
915 3746 992 3784 cum
1021 3725 1254 3802 imperfecte,
1283 3726 1381 3802 plus-

281 3900 308 3967 1)
327 3897 344 3950 l.
364 3913 388 3950 o.
407 3913 434 3964 p.
456 3902 496 3949 12.

280 3973 307 4034 2)
325 3967 427 4022 Philcl.
447 3967 518 4022 xlx.
537 3985 564 4035 p.
585 3973 645 4021 627.

281 4042 307 4107 3)
327 4039 369 4092 De
392 4037 561 4093 attractione
585 4037 705 4105 quadam
727 4039 884 4105 temporum
907 4053 940 4090 ac
962 4036 1109 4090 modorum
1133 4034 1245 4104 linguae
1264 4035 1381 4090 Latinae

210 4111 315 4179 (Progr.
331 4109 567 4163 Dentsch-Krone.
584 4112 672 4173 1861.)
691 4126 718 4176 p.
738 4113 776 4162 10.
805 4107 883 4160 Hanc
897 4108 957 4160 tam
972 4107 1107 4161 audacem
1121 4105 1382 4174 interpretationem

209 4181 366 4249 Draegerus
385 4179 473 4248 (Synt.
493 4180 557 4234 hist.
573 4179 593 4232 I.
607 4198 634 4248 p.
650 4181 713 4248 294)
733 4181 761 4232 et
778 4178 806 4232 C.
821 4178 852 4232 Il.
868 4177 899 4232 G.
915 4177 1065 4232 Muellerus
1085 4177 1131 4246 (ad
1144 4179 1219 4232 Lael.
1240 4178 1282 4233 ed.
1299 4177 1380 4246 Seyff.

231 4258 290 4306 ,16
322 4267 350 4304 ee
371 4253 483 4303 uantur.

209 4269 228 4321 p
281 4254 307 4387 4))
326 4269 443 4390 giiimm.
463 4327 486 4386 ἓ.
506 4327 567 4376 382.
586 4319 665 4374 Conf.
684 4319 738 4372 ΕΠ.
758 4321 788 4373 et
806 4318 887 4388 Scyll.
907 4337 948 4386 gr.
967 4325 990 4384 ξ.
1010 4325 1071 4372 242.
1092 4320 1149 4373 not.
1171 4325 1193 4373 1.

281 4396 308 4459 5)
328 4391 429 4446 Confer
447 4392 537 4446 Plaut.
557 4393 629 4444 Men.
650 4398 701 4444 714
721 4391 764 4458 (V,
786 4391 882 4458 1,14):
902 4390 969 4443 Non
987 4395 1018 4443 tu
1035 4391 1096 4455 scis,
1115 4391 1221 4454 mulier,
1240 4390 1382 4444 Hecubam

210 4469 376 4532 quapropter
399 4481 492 4516 canem
510 4463 594 4516 Graii
611 4479 665 4515 csse
679 4460 900 4529 praedicabunt?
938 4479 1000 4515 cum
1019 4461 1119 4514 ceteris
1138 4461 1220 4527 locis,
1243 4460 1292 4514 ubi
1310 4461 1379 4514 iudi-

211 4535 318 4590 cativus
336 4533 366 4588 in
384 4533 602 4606 interrogatione
620 4532 735 4606 obliqua
752 4531 904 4604 invenitur,
923 4531 1048 4605 perfecto
1066 4549 1132 4586 usus
1151 4531 1195 4586 sit.
